2394 4126
374 257 571 332 cAP.11,1a.
608 267 757 329 sae-41.
917 251 918 255 ’
1007 256 1071 329 us

71 445 128 488 rus.
160 420 251 497 Quas
266 421 294 487 si
308 423 421 508 exequi
433 425 610 509 nequirem,
628 428 739 489 tamen
757 446 809 489 me
825 424 964 489 lectulus
979 444 1069 489 meus

71 512 242 576 ›blectaret
269 533 307 576 ea
332 511 405 596 ipsa
434 513 650 599 cogitantem,
678 535 759 598 quae
786 512 853 578 iam
881 532 978 598 agere
1003 532 1070 576 non

71 621 204 684 ›ossem3
228 599 284 664 sed
305 603 343 664 ut
364 600 496 686 possim,
518 600 599 666 facit
617 604 691 666 aeta
713 601 790 666 vita.
828 598 963 684 Semper
985 599 1070 663 enim

71 709 91 750 n
117 687 172 750 his
205 686 321 752 studiis
352 687 583 774 laboribusque
614 689 737 755 viventi
767 710 835 753 non
865 687 1070 774 intellegitur

71 774 189 859 quando
212 775 350 860 obrepat
361 780 528 858 senectus.
564 776 618 841 Ita
636 777 756 842 sensim
775 777 844 841 sine
863 797 960 841 sensu
979 779 1069 840 aetas

71 861 200 927 senescit
225 883 285 930 nec
311 863 421 928 subito
443 863 620 950 frangitur,
651 865 707 929 sed
730 865 944 930 diuturnitate
967 863 1070 928 extin-

71 951 180 1036 guitur.

73 1100 76 1104 .
123 1037 278 1121 Sequitur
305 1039 405 1103 tertia
431 1039 628 1124 vituperatio
657 1041 845 1125 senectutis,
878 1041 965 1125 quod
997 1063 1068 1106 eam

71 1147 169 1190 :arere
188 1125 299 1190 dicunt
316 1127 550 1211 voluptatibus.
588 1127 614 1192 O
633 1129 836 1212 praeclarum
850 1151 966 1193 munus
981 1132 1068 1194 aeta·

71 1215 116 1297 is,
144 1213 304 1297 siquidem
331 1215 365 1278 id
393 1215 498 1280 aufert
526 1237 546 1279 a
571 1216 681 1300 nobis,
709 1217 795 1300 quod
822 1220 872 1281 est
898 1217 934 1280 in
961 1217 1069 1281 adule-

71 1301 185 1367 scentia
198 1301 470 1369 ‘vitiosissimumt
515 1303 662 1389 Accipite
690 1305 788 1387 enim,
819 1303 935 1389 optimi
962 1304 1069 1369 adule-

71 1392 196 1473 scentes,
217 1392 361 1456 veterem
384 1391 565 1456 orationem
578 1391 744 1474 Archytae
758 1391 934 1475 Tarentini,
958 1391 1070 1476 magni

70 1500 93 1540 n
114 1477 231 1561 primis
251 1481 284 1541 et
301 1478 461 1561 praeclari
478 1479 550 1560 viri,
574 1500 655 1562 quae
675 1479 756 1542 mihi
774 1479 896 1542 tradita
915 1481 974 1560 est,
996 1499 1070 1542 cum

71 1587 166 1629 essem
197 1564 385 1630 adulescens
412 1565 546 1628 Tarenti
576 1586 649 1628 cum
677 1563 713 1638 Q.
739 1564 890 1629 Maximo.
935 1563 1070 1627 Nullam

71 1651 287 1736 capitaliorem
309 1654 436 1735 pestem
459 1672 557 1733 quarn
579 1650 783 1734 voluptatem
806 1650 950 1734 eorporis
969 1650 1071 1715 homi-

71 1740 156 1804 ribus
180 1739 314 1804 dicebat¹
332 1741 487 1802 enatura
508 1737 627 1821 datam,
651 1737 740 1802 cuius
758 1736 937 1821 voluptatis
957 1737 1070 1803 avidae

70 1827 213 1892 ibidines
235 1830 357 1888 temere
385 1827 418 1888 et
441 1823 604 1889 ecfrenate'
624 1824 665 1888 ad
688 1824 877 1908 potiendum
899 1825 1069 1891 incitaren-

72 1938 122 1980 ur.
159 1911 247 1975 Hine
269 1910 395 1995 patriae
417 1911 626 1996 proditiones,
648 1911 724 1976 hinc
741 1934 849 1977 rerum
866 1914 1069 1997 publicarum
1088 1932 1121 1980 40

71 2000 262 2079 avers-iones,
293 1997 368 2063 hinc
399 2020 471 2064 cum
502 1999 651 2064 hostibus
680 2000 880 2066 clandestina
907 2002 1069 2086 colloquia

71 2087 166 2170 rasei,
192 2085 320 2149 nullum
343 2085 477 2170 denique
500 2087 617 2172 scelus,
644 2089 771 2153 nullum
799 2090 920 2154 malum
944 2089 1068 2156 facinus

71 2198 145 2258 asse,
176 2173 217 2238 ad
241 2173 326 2256 quod
348 2175 586 2260 suscipiendum
607 2198 674 2242 non
695 2177 797 2242 libido
820 2179 1002 2263 voluptatis
1022 2179 1068 2245 111-

71 2265 209 2345 uelleret,
237 2265 351 2346 stupra
372 2284 448 2328 vero
472 2267 506 2327 et
528 2264 687 2330 adulteria
709 2269 743 2330 et
765 2288 859 2332 omne
881 2267 949 2332 tale
975 2267 1068 2353 flagi·

71 2353 143 2415 ium
174 2349 274 2414 nullis
308 2350 441 2414 excitari
473 2351 546 2415 aliis
577 2352 749 2417 inlecebris
778 2354 844 2418 nisi
874 2355 1068 2437 voluptatis3

71 2459 198 2522 tumque
215 2437 340 2502 homini
359 2439 426 2502 sive
444 2442 563 2502 natura
580 2439 648 2503 sive
672 2440 743 2522 quis
763 2439 840 2504 deus
858 2440 941 2503 nihil
960 2445 1069 2504 mente

71 2525 292 2613 praestabilius
312 2525 462 2609 dedisset,
479 2524 556 2589 huic
574 2524 682 2589 divino
696 2527 822 2590 muneri
836 2547 874 2590 ac
888 2526 971 2590 dono
986 2527 1068 2590 nihil

71 2637 130 2680 am
154 2635 224 2678 esse
246 2613 413 2678 inimicum
436 2635 534 2697 quarn
555 2612 772 2697 voluptatem3
798 2634 858 2678 nec
885 2613 970 2678 enim
997 2614 1069 2679 libi·
1086 2629 1117 2679 41

71 2702 135 2766 line
164 2701 349 2766 dominante
376 2700 611 2786 temperantiae
633 2701 740 2765 locum
764 2723 847 2786 esse,
876 2723 979 2786 neque
1003 2726 1069 2769 om-

71 2791 138 2855 rino
170 2789 206 2853 in
236 2789 414 2873 voluptatis
446 2809 547 2874 regno
578 2788 733 2854 virtutem
759 2812 856 2875 posse
883 2791 1068 2858 consistere.

71 2876 155 2953 huod
179 2898 242 2961 quo
265 2877 371 2961 magis
393 2877 541 2963 intellegi
563 2881 683 2962 posset,
705 2875 827 2966 fingere
850 2880 958 2946 animo
980 2881 1068 2946 iube-

71 2969 121 3039 oat
137 2968 233 3030 tanta
248 2964 419 3029 incitatum
435 2965 576 3049 aliquem
590 2968 759 3052 voluptate
774 2967 928 3053 corporis,
947 2972 1069 3053 quanta

71 3053 186 3138 percipi
207 3056 320 3137 posset
341 3053 496 3137 maxima3
518 3054 641 3118 nemini
663 3057 814 3120 censebat
835 3056 906 3120 fore
927 3057 1068 3140 dubium,

71 3141 233 3225 quintam
256 3141 318 3225 diu,
344 3141 419 3208 dum
441 3142 489 3206 it‘a
513 3142 676 3225 gauderet,
697 3143 780 3208 nihil
804 3144 929 3228 agitare
952 3148 1068 3224 mente,

71 3228 146 3293 rihil
168 3229 303 3313 ratione,
325 3228 408 3293 nihil
431 3229 629 3316 cogitatione
655 3231 807 3314 consequi
829 3235 949 3316 posset.
986 3230 1068 3304 Quo-

71 3317 149 3384 circa
178 3317 262 3392 nihil
293 3338 363 3383 esse
394 3321 464 3382 tam
495 3317 687 3382 detestabile
719 3323 851 3402 tamque
878 3317 1067 3403 pestiferum

71 3426 161 3490 quam
179 3406 391 3491 voluptatem,
410 3405 567 3490 siquidem
586 3427 633 3484 ea,
652 3428 723 3471 cum
742 3407 847 3471 maior
866 3407 952 3468 esset
971 3406 1068 3482 atque

71 3514 119 3558 on
145 3493 152 3506 ‘
177 3493 280 3578 quior,
299 3516 394 3559 omne
408 3493 508 3558 animi
521 3495 630 3557 lumen
645 3495 856 3579 extingueret.
888 3489 977 3553 Haec
996 3510 1068 3552 oum

71 3578 98 3648 3.
143 3581 234 3646 ontio
253 3578 408 3666 Samnite,
430 3583 523 3665 patre
546 3581 624 3664 eius,
646 3602 667 3645 a
688 3602 752 3664 quo
776 3577 920 3642 Caudino
943 3576 1067 3661 proelio

115 3693 225 3736 oraru
241 3695 260 3736 e.
877 3684 909 3734 ιο

1080 1011 1121 1074 12

1088 1089 1121 1138 aa
