2408 4124
346 289 554 347 cAP.14-1c.
591 296 738 356 §er-58.
984 291 1043 354 181

10 451 244 518 tolerabilius
276 451 346 515 fieri
377 454 496 535 potest.
545 450 654 534 Atque
685 451 747 516 hoo
780 450 909 534 quidem
940 450 1047 515 videre

10 538 130 624 lieet,
158 560 227 621 eos,
258 539 312 622 qui
336 543 432 604 antea
455 539 630 604 commodis
653 538 775 602 fuerint
802 538 961 622 moribus,
987 538 1048 601 im-

10 628 139 732 111111,
161 629 338 712 potestate,
361 627 525 712 prosperis
548 627 644 691 rebus
667 627 850 706 inmutari[,
874 626 983 710 sperni
1006 626 1047 690 ab

10 716 77 785 lis
112 719 238 780 veteres
271 714 444 797 amicitias,
475 714 637 799 indulgeri
663 714 780 795 novis}
826 712 909 790 Quid
940 717 1047 778 autem
1067 730 1099 778 oa

10 802 173 877 stultius
193 825 299 886 quam,
318 802 586 886 cumplurimum
605 802 715 886 copiis,
736 803 958 885 facultatibus,
982 801 1048 886 opi-

10 888 100 959 lius
131 891 274 975 possint,
305 894 413 956 cetere
443 912 573 974 parare,
605 911 686 972 quae
718 895 874 974 parantur
904 891 1048 975 pecunia,

10 1001 149 1065 aquos,
171 978 322 1061 famulos,
343 980 469 1043 vestem
492 977 670 1063 egregiam,
693 999 773 1042 vasa
793 979 946 1063 pretiosa,
970 978 1048 1042 ami·

10 1089 93 1137 mos
116 1089 183 1131 non
204 1088 334 1150 parare,
362 1069 531 1150 optumam
554 1069 587 1129 et
609 1065 861 1149 pulcherrimam
883 1067 983 1145 vitae,
1011 1069 1048 1130 ut

10 1156 87 1223 uta
109 1155 227 1232 dicam,
255 1153 513 1239 supellectilem?
543 1153 664 1218 etenim
691 1157 798 1218 cetera
825 1177 897 1219 cum
920 1159 1047 1239 parant,

13 1243 91 1311 eui
113 1244 243 1328 parent,
268 1241 430 1325 nesciunt,
458 1264 518 1307 nec
546 1242 635 1307 cuius
663 1264 759 1306 causa
786 1242 936 1307 laborent
963 1241 1047 1328 (eius

15 1330 126 1399 onim
148 1334 199 1395 est
216 1330 354 1395 istorum
378 1331 526 1414 quidque,
550 1330 605 1415 qui
624 1329 702 1394 vicit
719 1327 868 1416 viribus),
893 1330 1048 1396 amicitia-

10 1438 110 1485 uum
134 1441 193 1482 sua
216 1418 329 1501 cuique
351 1423 521 1502 permanet
546 1418 675 1482 stabilis
698 1421 732 1481 et
755 1422 844 1482 certa
871 1418 1050 1502 possessi03

10 1512 87 1584 ³ut,
116 1506 246 1571 etiamsi
267 1506 326 1570 illa
348 1509 515 1587 maneant,
542 1528 624 1590 quae
648 1509 725 1569 sunt
748 1506 842 1589 quasi
865 1507 949 1569 dona
970 1504 1048 1567 For-

13 1600 151 1676 ·tunae,
178 1599 290 1658 tamen
312 1593 381 1657 vita
407 1593 531 1658 inculta
558 1595 591 1655 et
619 1593 747 1655 deserta
774 1594 816 1656 ab
845 1592 956 1655 amicis
982 1613 1050 1654 non

19 1683 143 1771 possit
167 1703 237 1746 esse
260 1680 409 1746 iucunda.
454 1678 517 1742 Sed
538 1679 618 1743 haec
641 1679 807 1743 hactenus.

104 1762 333 1841 Constituendi
351 1771 459 1831 antem
478 1770 564 1850 sunt,
588 1767 643 1849 qui
661 1767 728 1830 sint
748 1766 784 1830 in
802 1766 945 1857 amicitia
967 1767 1047 1833 fines
1060 1747 1101 1872 152

23 1863 69 1924 et
95 1857 189 1940 quasi
212 1855 345 1919 termini
367 1854 531 1939 diligendi.
567 1853 616 1918 De
640 1854 757 1937 quibus
780 1858 848 1919 tres
866 1856 960 1921 video
979 1877 1048 1927 sen,

19 1946 160 2011 *tentias
182 1942 275 2025 ferri,
299 1963 435 2025 quarum
457 1942 582 2006 nullam
603 1942 721 2027 probo,
743 1965 854 2026 unam,
877 1948 914 2008 ut
936 1943 1048 2008 eodem
1071 1967 1075 1974 ⁴

23 2030 137 2098 modo
164 2050 244 2114 erga
270 2029 410 2094 amicum
437 2028 556 2094 adfecti
583 2030 698 2115 simus,
726 2052 789 2114 quo
818 2051 897 2115 erga
918 2034 1049 2096 nosmet

27 2122 139 2206 ipsos
162 2117 314 2203 alteram,
335 2121 373 2182 ut
394 2121 509 2182 nostra
531 2118 565 2181 in
589 2117 709 2183 amicos
732 2117 953 2184 benivolentia
975 2119 1048 2184 illo-

29 2229 111 2274 rum
134 2226 213 2291 erga
234 2227 294 2270 nos
318 2205 556 2271 benivolentiae
583 2206 707 2290 pariter
734 2206 977 2292 aequaliterque
1000 2230 1047 2273 re

32 2294 209 2380 spondeat,
241 2292 386 2376 tertiam,
417 2298 467 2373 ut,
496 2295 609 2377 quanti
637 2295 772 2381 quisque
800 2317 835 2360 se
862 2296 932 2381 ipse
958 2296 1047 2378 facit,

30 2382 123 2449 tanti
144 2382 204 2446 fiat
227 2380 268 2444 ab
293 2382 414 2446 amicis.
448 2380 575 2445 Harum
593 2382 693 2446 trium
711 2384 944 2448 sententiarum
963 2384 1047 2447 nulli
1065 2401 1098 2449 57

31 2491 170 2557 prorsus
194 2469 367 2533 adsentior.
407 2467 476 2533 Nec
499 2468 585 2532 enim
607 2470 666 2533 illa
688 2471 795 2553 prima
817 2491 895 2534 vera
917 2475 976 2554 est,
1000 2474 1047 2553 ut,

33 2562 136 2643 quem
157 2556 199 2621 ad
222 2557 353 2621 modum
375 2556 410 2619 in
434 2577 469 2620 se
492 2555 627 2638 quisque
650 2556 705 2636 sit,
727 2556 774 2619 sic
793 2556 828 2619 in
847 2556 986 2620 amicum
1004 2557 1048 2621 sit

33 2645 210 2713 animatus.
247 2642 351 2719 Quam
369 2643 474 2707 multa
493 2642 587 2726 enim,
610 2664 692 2727 quae
709 2646 824 2732 nostra
842 2664 939 2708 causa
956 2666 1047 2709 num·

33 2756 136 2818 quam
158 2733 346 2814 faceremus,
369 2732 504 2796 iacimus
528 2752 625 2796 causa
648 2730 837 2797 amicorum!
860 2733 985 2818 precari
1004 2735 1046 2799 ab

32 2822 186 2906 indigno,
214 2820 410 2905 supplicare,
437 2824 509 2884 tum
536 2818 682 2885 acerbius
708 2819 744 2885 in
771 2819 913 2904 aliquem
935 2821 1045 2888 invehi

32 2908 253 2991 insectarique
276 2907 511 2991 vehementius,
538 2929 621 2991 quae
647 2908 683 2972 in
708 2908 832 2973 nostris
859 2911 956 2975 rebus
978 2933 1045 2976 non

10 2997 118 3063 ’satis
135 2995 282 3080 honeste,
298 2996 334 3060 in
352 2997 529 3061 amicorum
546 2997 630 3060 fiunt
647 2995 889 3081 honestissime3
910 2999 1045 3063 multae-

33 3107 98 3170 que
121 3106 173 3150 rcs
196 3088 285 3167 sunt,
311 3084 347 3149 in
374 3085 491 3168 quibus
519 3084 558 3148 de
585 3085 652 3148 suis
681 3085 859 3150 commodis
881 3085 945 3149 viri
966 3086 1045 3185 bqni

31 3173 141 3240 multa
167 3172 343 3238 detrahunt
371 3172 560 3256 detrahique
592 3171 775 3256 patiuntur,
806 3175 844 3235 ut
874 3171 915 3234 iis
948 3173 1045 3237 amici

30 3261 145 3348 potius
168 3282 266 3344 qnam
286 3261 350 3345 ipsi
367 3261 526 3326 fruantur
562 3259 678 3322 Altera
697 3257 858 3322 sententia
881 3261 939 3341 est,
961 3280 1044 3343 quae
1062 3275 1096 3326 58

29 3349 148 3414 definit
166 3348 344 3414 amicitiam
361 3345 496 3435 paribus
514 3345 630 3412 officiis
650 3367 688 3409 ac
705 3344 940 3410 voluntatibus.
971 3344 1044 3413 Hoc

10 3457 16 3495 ἰ
31 3437 165 3522 quidem
186 3441 236 3502 est
258 3436 356 3501 nimis
379 3437 493 3521 exigue
511 3439 545 3499 et
563 3433 690 3498 exiliter
709 3433 750 3498 ad
767 3433 909 3498 calculos
926 3456 1042 3500 vocare

30 3524 226 3609 amicitiam,
253 3529 290 3589 ut
318 3547 377 3608 par
405 3526 449 3588 sit
475 3523 560 3588 ratio
589 3526 794 3607 acceptorum
822 3525 855 3585 et
883 3516 1041 3590 datonim.

28 3612 177 3680 Divitior
198 3613 281 3684 mihi
304 3617 337 3678 et
360 3611 545 3677 affluentior
566 3609 694 3676 videtur
712 3632 782 3675 esse
800 3631 878 3676 vera
898 3611 1041 3679 amicitia
