2394 4126
151 257 215 321 150
387 256 480 311 CATO
499 255 617 310 MAIOR
634 255 684 309 DE
703 255 915 333 sannorum

97 436 130 485 52
149 440 222 482 rum
236 428 363 482 morsus
377 418 521 483 munitur
538 417 627 482 vallo
642 417 824 482 aristarum.
858 416 941 492 Quid
960 440 1023 504 ego
1042 421 1151 487 vitium

149 503 250 589 ortu's,
274 510 374 591 satus,
393 507 592 571 incrementa
610 506 879 570 commemorem?
917 505 1039 572 Satiari
1058 510 1151 576 delae

148 594 273 658 tatione
295 616 362 658 non
383 615 530 678 possum,
559 596 596 656 ut
622 615 712 657 meae
736 594 910 658 senectutis
932 596 1081 679 requiem
1104 598 1152 662 ot

149 682 442 765 lectamentumque
472 681 625 746 noscatis.
677 680 801 746 Omitto
834 681 920 746 enim
951 683 1021 748 vim
1053 685 1151 769 ipsam

149 771 307 852 omnium,
334 790 416 853 quae
444 774 640 854 generantur
666 791 685 834 e
711 773 813 853 terra3
840 791 922 854 quae
949 792 990 835 ex
1011 772 1068 837 fici
1090 777 1152 838 tan·

149 858 219 922 tulo
252 878 354 941 grano
387 861 444 921 aut
475 878 514 921 ex
546 857 631 922 acini
660 857 793 922 vinaceo
825 861 882 922 aut
909 879 948 923 ex
976 863 1152 926 ceterarum
1196 879 1197 886 ¹

148 945 280 1029 frugum
308 948 365 1008 aut
395 945 545 1030 stirpium
576 945 803 1010 minutissimis
836 946 1014 1012 seminibus
1048 952 1153 1015 tantos

148 1036 281 1096 trrmcos
312 1054 484 1118 ramosque
515 1037 671 1119 procreet.
720 1032 879 1116 Malleoli,
910 1034 1060 1121 plantae,
1093 1056 1152 1103 aar

149 1124 267 1202 menta,
285 1120 485 1206 viviradices,
502 1122 698 1206 propagines
712 1142 818 1186 nonne
832 1121 985 1205 efficiunt,
998 1128 1039 1189 ut
1053 1147 1152 1210 quem·

147 1208 294 1272 viscum
317 1209 532 1274 admiratione
560 1209 742 1273 delectent?
786 1208 873 1274 Vitis
902 1211 1047 1297 quidem,
1075 1234 1167 1297 quas

79 1291 82 1297 ⁵
147 1299 266 1360 natura
287 1296 407 1362 caduca
429 1301 480 1362 est
502 1300 545 1382 et,
565 1297 630 1361 nisi
651 1297 737 1362 fulta
759 1300 818 1382 est,
839 1299 944 1362 fertur
965 1299 1006 1364 ad
1025 1304 1170 1386 terram,¹

148 1384 273 1468 eadem,
304 1389 341 1448 ut
369 1406 403 1449 se
431 1387 550 1471 erigat,
582 1385 748 1450 claviculis
781 1385 847 1450 suis
875 1387 969 1470 quasi
995 1389 1152 1474 manibus,

12 1549 15 1554 .
148 1471 299 1556 quicquid
317 1477 367 1538 est
384 1479 490 1557 nacta,
507 1474 747 1558 complectitur3
766 1495 863 1557 quam
877 1479 1064 1559 serpentem
1078 1478 1152 1542 mul·

146 1561 252 1646 tiplici
278 1561 374 1646 lapsu
401 1567 434 1627 et
461 1562 598 1627 erratico
625 1562 712 1627 ferro
745 1566 927 1645 amputans-
946 1568 1076 1630 coercet
1103 1586 1150 1631 ars

147 1648 374 1734 agricolarum,
391 1673 432 1715 ne
451 1651 603 1716 silvescat
622 1649 793 1714 sarmentis
813 1654 845 1713 et
862 1650 898 1713 in
912 1671 1025 1717 omnes
1043 1656 1150 1737 partes
1166 1671 1180 1697 ³*

94 1754 127 1803 oa
146 1737 248 1801 nimia
268 1737 432 1803 fundatur.
476 1739 591 1822 Itaque
613 1738 744 1802 ineunte
765 1758 841 1802 vere
863 1737 899 1803 in
920 1738 975 1823 iis,
1002 1762 1087 1824 quae
1108 1762 1152 1806 re

83 1897 91 1912 .
146 1824 225 1889 licta
247 1830 332 1910 sunt,
355 1827 465 1892 existit
486 1831 656 1911 tamquam
679 1826 720 1890 ad
740 1825 894 1891 articulos
913 1832 1152 1895 sarmentorum

146 1934 193 1996 ea,
216 1935 299 1997 quae
322 1936 451 2000 gemma
472 1915 596 1993 dicitur,
620 1937 640 1979 a
659 1936 722 1998 qua
741 1913 847 1978 oriens
865 1936 930 1980 uva
948 1937 983 1980 se
1002 1917 1152 2000 ostendit,

147 2023 229 2084 quae
252 2005 286 2065 et
309 2024 385 2067 suco
407 2007 514 2066 terrae
539 2006 572 2066 et
600 2002 707 2066 calore
734 2001 814 2066 solis
842 2022 1019 2086 augescens
1046 2005 1150 2090 primo

147 2092 197 2152 est
214 2091 390 2172 peracerba
408 2093 551 2173 gustatu,
570 2089 683 2153 deinde
701 2091 866 2154 maturata
884 2090 1042 2157 dulcescit
1058 2093 1182 2158 vesci-s

145 2178 244 2256 taque
271 2176 432 2258 pampinis
463 2197 523 2240 nec
554 2175 680 2239 modico
712 2179 824 2259 tepore
855 2182 945 2242 caret
972 2183 1006 2244 et
1034 2180 1152 2246 nimios

146 2261 225 2326 solis
258 2261 400 2325 defendit
431 2263 570 2327 ardores.
625 2261 695 2338 Qua
727 2263 804 2347 quid
834 2269 945 2349 potest
977 2288 1048 2332 esse
1080 2290 1152 2335 cum

144 2349 253 2415 fructu
275 2349 402 2434 laetius,
424 2353 495 2414 tum
518 2355 651 2436 aspectu
672 2351 863 2437 pulchrius?
900 2351 999 2418 Cuius
1023 2355 1152 2440 quidem

144 2461 211 2505 non
232 2439 358 2505 utilitas
382 2461 434 2504 me
457 2438 577 2524 solum,
603 2445 640 2506 ut
668 2444 743 2506 ante
771 2441 849 2524 dixi,
877 2442 933 2505 sed
960 2441 1060 2508 etiam
1088 2445 1153 2511 cul-

143 2533 220 2593 tura
243 2532 276 2593 et
297 2533 415 2594 natura
437 2528 510 2615 ipsa
537 2530 689 2613 delectat,
716 2529 985 2602 adminiculorum
1013 2530 1187 2617 ordines,⁸⁸

144 2618 288 2699 capitum
310 2617 449 2702 iugatio,
475 2618 628 2704 religatio
652 2621 684 2681 et
706 2617 901 2702 propagatio
923 2618 1055 2702 vitium,
1087 2642 1153 2686 sar·

143 2707 328 2766 mentorum
352 2726 398 2787 ea,
421 2725 518 2786 quam
542 2705 616 2786 dixi,
640 2704 778 2769 aliorum
797 2706 988 2791 amputatio,
1011 2708 1153 2774 aliorum

142 2788 300 2853 inmissio.
346 2789 429 2864 Quid
457 2812 517 2876 ego
545 2792 766 2877 irrigationes,
796 2792 873 2875 quid
893 2793 1054 2860 fossiones
1079 2798 1154 2884 agri

142 2876 480 2960 repastinationesque
511 2879 688 2964 proferam,
721 2878 837 2963 quibus
864 2881 902 2946 fit
929 2883 1034 2949 multo
1061 2887 1154 2950 terra

91 2977 125 3026 54
143 2960 331 3028 fecundior?
360 2965 436 3048 quid
461 2966 499 3029 de
522 2967 666 3032 utilitate
692 2968 808 3052 loquar
831 2971 1056 3037 stercorandi?
1087 2974 1192 3038 dixis

143 3050 177 3113 in
195 3072 237 3116 eo
265 3051 364 3135 libro,
393 3074 488 3135 quem
516 3054 554 3119 de
580 3055 677 3120 rebus
704 3057 834 3123 rusticis
863 3059 991 3144 scripsi;
1021 3059 1060 3125 de
1088 3082 1156 3146 qua

143 3138 256 3204 doctus
279 3139 441 3206 Hesiodus
464 3163 504 3206 ne
522 3143 658 3208 verbum
677 3144 806 3228 quidem
827 3146 914 3231 fecit,
937 3169 1010 3212 curn
1029 3149 1068 3213 de
1087 3151 1154 3215 cul-

142 3230 217 3291 tura
241 3228 313 3313 agri
336 3229 501 3293 scriberet.
537 3229 584 3295 At
601 3229 773 3315 Homerus,
796 3234 852 3317 qui
870 3235 992 3320 multis,
1013 3241 1053 3301 ut
1070 3238 1155 3303 mihi

142 3316 277 3401 videtur,
301 3320 377 3381 ante
400 3316 537 3381 sacculis
559 3317 635 3401 fuit,
657 3318 810 3385 Latrtam
832 3321 1006 3388 lenientem
1030 3325 1153 3392 deside·

142 3404 240 3489 rium,
268 3404 354 3489 quod
377 3405 526 3488 capiebat
549 3427 567 3470 e
588 3408 670 3493 filio,
697 3408 857 3475 colentem
880 3432 995 3497 agrum
1018 3416 1053 3478 et
1076 3435 1151 3481 eum
1164 3428 1190 3474 a

142 3496 376 3558 stercorantem
393 3494 480 3557 facit.
516 3493 585 3561 Nec
602 3518 678 3562 vero
698 3497 863 3583 segetibus
878 3500 984 3565 solum
998 3504 1032 3565 et
1044 3502 1152 3587 pratis

139 3583 175 3643 et
188 3581 290 3646 vincis
309 3585 342 3647 et
360 3582 501 3647 arbustis
520 3605 572 3649 res
590 3585 730 3652 rusticae
749 3587 854 3652 laetae
868 3590 954 3673 sunt,
972 3588 1029 3653 sed
1042 3589 1121 3656 hort
