2394 4126
165 135 226 199 168
462 130 615 186 LAELIUS
633 130 682 184 DE
700 129 867 186 AMICITIA

162 316 239 360 nere
262 316 392 379 sperare
418 293 530 358 videor
552 290 710 376 Scipionis
740 296 774 356 et
795 290 887 356 Laeli
910 290 1089 356 amicitiam
1112 311 1158 357 ne

163 387 232 447 tam
254 381 441 465 posteritati
462 381 541 445 fore.

113 486 144 534 16
227 471 377 538 Fannius.
412 469 502 532 Istuc
525 465 662 550 quidem,
684 466 785 548 Laeli,
802 466 851 531 ita
868 487 999 533 necesse
1018 470 1077 533 est
1105 464 1158 533 Sed

165 558 317 642 quoniam
339 556 500 622 amicitiae
523 555 720 619 mentionem
742 554 849 619 fecisti
872 558 905 619 et
928 576 1040 620 sumus
1062 554 1160 633 otiosi,

163 651 353 732 pergratum
375 643 456 708 mihi
473 642 596 726 feceris,
615 664 708 726 spero
727 642 806 707 item
821 640 1002 726 Scaevolae,
1021 643 1060 728 si,
1074 664 1161 727 quen
1183 672 1185 678 ’

164 734 358 799 admodum
381 731 466 794 soles
496 730 535 794 de
562 730 677 794 ceteris
702 731 813 809 rebus,
835 753 933 814 quom
956 753 995 795 ex
1017 735 1053 796 te
1075 752 1161 816 quae

163 826 287 904 rimtur,
310 820 356 883 sic
379 819 418 883 de
437 818 579 883 amicitia
598 818 773 902 disputaris
793 818 870 903 quid
888 818 1021 904 sentias,
1040 820 1161 904 qualem

165 909 348 990 existumas,
371 928 452 990 quae
475 910 647 990 praecepta
669 905 733 971 des.

229 995 393 1061 Seserem.
433 994 515 1059 Mihi
537 1015 613 1058 vero
632 994 695 1058 erit
717 997 861 1079 gratum3
884 997 982 1078 atque
1004 994 1039 1058 id
1061 995 1161 1080 ipsun

165 1104 236 1147 cum
260 1085 367 1147 tecum
390 1103 486 1167 agere
509 1103 655 1164 conarer,
677 1080 820 1146 Fannius
844 1082 1031 1147 antevortit.
1063 1082 1161 1158 Quam

130 1171 207 1278 5ob
230 1193 299 1235 rem
321 1171 449 1254 utrique
471 1162 620 1234 nostrum
644 1174 774 1254 gratum
797 1169 970 1235 admodum
991 1169 1119 1236 feceris.

113 1291 146 1340 1⁷
231 1259 375 1324 Lunares.
418 1257 491 1343 Ego
526 1279 603 1323 vero
629 1280 696 1322 non
724 1278 890 1343 gravarer,
926 1257 955 1322 si
985 1258 1069 1323 mihi
1096 1259 1162 1344 ipsa

165 1346 370 1429 confiderem3
401 1367 478 1410 nam
505 1349 538 1409 et
564 1347 731 1430 praeclara
758 1367 809 1410 res
837 1349 887 1410 est
915 1350 948 1410 et
974 1368 1102 1432 sumus,
1131 1349 1162 1412 nt
1195 1425 1196 1430 γ

165 1435 247 1498 dixit
268 1433 420 1518 Fannius,
443 1433 551 1499 otiosi.
582 1431 644 1498 Sed
659 1434 730 1518 quis
750 1455 810 1518 ego
830 1434 923 1498 sum?
946 1438 1005 1498 aut
1018 1456 1102 1519 quae
1120 1437 1163 1500 est
1190 1508 1193 1513 ¹

164 1523 199 1588 in
221 1545 272 1588 me
294 1522 456 1588 facultas?
480 1523 648 1588 doctorum
671 1525 721 1587 est
742 1521 807 1586 ista
829 1522 1039 1606 consuetudo,
1067 1543 1163 1607 eaque
1189 1547 1194 1570 i

165 1610 372 1695 Graecorum,
393 1615 431 1675 ut
452 1610 493 1676 iis
516 1614 665 1694 ponatur,
688 1610 726 1674 de
745 1631 814 1693 quo·
835 1609 1001 1695 disputent
1021 1611 1163 1694 quamvis

165 1699 288 1781 subit03
319 1721 474 1783 magnum
502 1720 582 1781 opus
610 1701 661 1762 est
688 1701 825 1783 egetque
852 1698 1083 1764 exercitatione
1104 1720 1164 1764 non

162 1808 274 1872 parva.
306 1784 410 1861 Quam
433 1787 474 1850 ob
498 1807 575 1867 rem,
599 1806 680 1869 quae
699 1785 859 1869 disputari
877 1786 916 1850 de
935 1785 1082 1852 amicitia
1098 1807 1164 1872 pos·

164 1879 254 1958 sunt,
281 1874 322 1938 ab
346 1873 392 1938 eis
416 1895 529 1939 censeo
552 1873 682 1957 petatIs,
706 1873 760 1957 qui
782 1874 848 1938 ista
869 1873 1080 1959 profitentur3
1108 1895 1163 1960 ego

163 1984 222 2027 vos
249 1962 376 2026 hortari
404 1965 534 2026 tantum
563 1983 710 2044 possum,
741 1964 778 2024 ut
810 1961 987 2027 amicitiam
1019 1963 1164 2028 omnibus

163 2051 260 2115 rebus
279 2049 429 2114 humanis
444 2049 663 2132 anteponatis,
685 2047 767 2112 nibil
782 2052 833 2112 est
847 2049 933 2114 enim
947 2054 1017 2115 tam
1032 2055 1164 2118 naturae

165 2142 290 2220 aptum,
317 2140 386 2200 tam
414 2135 604 2200 conveniens
633 2135 674 2198 ad
702 2156 754 2199 res
781 2136 833 2200 vel
857 2138 1013 2203 secundas
1041 2140 1096 2205 vel
1118 2139 1166 2204 ad

116 2239 147 2289 18
166 2244 286 2288 versas.
331 2220 394 2286 Sed
415 2223 478 2286 hoo
501 2222 642 2306 primum
665 2222 778 2306 sentio,
803 2223 865 2288 nisi
886 2224 921 2289 in
944 2225 1040 2291 bonis
1062 2227 1166 2294 amici·

164 2312 245 2377 tiam
268 2332 339 2376 esse
360 2332 427 2375 non
448 2331 557 2394 posse3
586 2332 692 2395 neque
713 2310 747 2375 id
775 2311 815 2376 ad
842 2311 953 2378 vivum
979 2336 1108 2400 reseco,
1132 2317 1166 2380 ut

163 2400 224 2485 illi,
247 2400 303 2485 qui
325 2400 405 2465 haec
428 2399 580 2464 subtilius
600 2399 770 2484 disserunt,
792 2400 932 2466 fortasse
950 2424 1035 2488 vere,
1053 2403 1113 2469 sed
1129 2402 1196 2469 ed!

164 2511 367 2555 communem
387 2488 562 2554 utilitatem
581 2509 710 2573 parum3
729 2493 852 2574 negant
870 2489 956 2554 enim
974 2512 1167 2577 quemquam

164 2598 235 2641 esse
256 2577 364 2642 virum
386 2578 507 2642 bonum
529 2576 593 2640 nisi
616 2577 804 2660 sapientem
849 2573 900 2641 Sit
921 2577 970 2643 ita
993 2600 1084 2663 sane;
1114 2578 1168 2645 sed

165 2685 237 2727 eam
260 2664 453 2747 sapientiam
474 2665 744 2748 interpretantur,
772 2685 870 2746 quam
893 2665 997 2732 adhuc
1019 2668 1167 2733 mortalis

163 2771 258 2815 nemo
283 2754 553 2833 estconseoutus,
575 2771 635 2813 nos
659 2753 768 2813 autem
791 2772 837 2834 ea,
861 2774 942 2836 quae
961 2758 1038 2819 sunt
1055 2755 1092 2820 in
1109 2776 1167 2822 usn

163 2838 295 2920 vitaque
319 2837 490 2915 communi,
511 2859 579 2901 non
601 2858 651 2918 ea,
681 2857 763 2920 quae
785 2838 953 2925 finguntur
976 2846 1034 2908 aut
1057 2848 1167 2930 optan-

163 2928 227 3008 tur,
250 2928 396 3009 spectare
419 2925 580 2989 debemus.
625 2922 812 3009 Numquam
839 2949 900 3014 ego
924 2929 1029 2996 dicam
1052 2929 1087 2998 Ο.
1111 2932 1166 2998 Fa·

163 3012 311 3097 bricium,
333 3012 385 3077 M’.
404 3011 546 3090 Curium,
568 3011 616 3075 Ti.
635 3010 881 3100 Coruncanium,
905 3038 986 3101 quos
1006 3019 1167 3105 sapientes

164 3102 269 3168 nostri
293 3101 431 3166 maiores
453 3099 649 3183 iudicabant,
674 3100 715 3165 ad
737 3101 876 3169 istorum
898 3127 1048 3172 normam
1069 3106 1168 3173 fuisse

166 3189 337 3276 sapientes.
369 3187 474 3264 Quare
493 3187 556 3253 sibi
574 3187 717 3253 habeant
728 3191 906 3276 sapientiae
916 3215 1036 3259 nomen
1047 3198 1079 3260 et
1090 3194 1168 3261 invi·

165 3279 290 3344 diosum
310 3280 343 3343 et
366 3277 551 3360 obscurum,
574 3277 762 3362 concedant,
791 3284 829 3344 ut
854 3280 917 3346 viri
939 3280 1017 3347 boni
1039 3281 1167 3348 fuerint
1189 3314 1195 3323 =

164 3364 214 3432 Ne
232 3367 266 3432 id
285 3365 414 3452 quidem
436 3365 568 3446 facient,
594 3365 761 3451 negabunt
778 3368 812 3432 id
834 3368 898 3433 nisi
916 3370 1057 3461 sapienti
1073 3391 1169 3457 posse

113 3468 146 3518 19
166 3456 304 3521 concedi.
336 3454 482 3540 Agamus
496 3453 598 3538 igitur
611 3453 735 3540 pingui,
752 3460 790 3521 ut
808 3457 908 3542 aiunt,
925 3457 1081 3526 Minerva
1109 3457 1170 3534 Qui
