2408 4124
155 323 217 386 182
450 319 601 375 LAELIUS
619 319 668 373 DE
687 318 853 374 AMICITIA

151 506 210 549 nee
230 483 401 547 observare
420 481 577 565 restricte,
594 503 635 545 ne
652 481 726 565 plus
745 480 859 545 reddat
874 503 979 565 quam
993 460 1129 568 acceperit

151 593 255 654 neque
282 571 368 635 enim
395 569 570 632 verendum
597 572 660 651 est,
693 591 733 633 ne
762 569 838 653 quid
867 570 1015 655 excidat,
1041 576 1089 636 ant
1106 590 1128 635 n

153 661 231 743 quid
257 660 291 722 in
317 662 440 722 terram
468 657 599 742 defluat,
632 659 689 721 aut
718 677 760 721 ne
786 658 860 742 plus
890 679 1000 742 aequo
1029 657 1129 743 qnid'r

100 764 133 812 aa
153 747 328 812 amicitiam
356 749 558 828 congeratur.
603 743 731 809 Tertius
758 766 835 809 vero
862 744 922 809 ille
954 746 1033 812 finis
1062 747 1127 811 deta

152 856 273 918 rumus,
295 837 341 914 ut,
364 833 477 915 quanti
496 833 631 916 quisque
649 854 683 896 sc
706 833 777 916 ipse
794 831 905 916 faciat,
928 836 1021 898 tanti
1041 834 1091 900 nc

154 923 274 986 amicis.
320 917 422 1004 Saepe
449 922 535 985 enim
562 921 596 984 in
628 920 821 1003 quibusdam
853 925 912 984 aut
945 920 1127 987 animasti

153 1010 266 1074 iectior
298 1011 348 1071 est
380 1011 437 1071 aut
464 1030 538 1092 spes
566 1007 810 1092 amplificandae
837 1007 993 1074 fortunae
1021 1010 1070 1074 fra
1090 1040 1109 1066 a

152 1097 228 1160 Non
255 1100 305 1160 est
332 1096 433 1181 igitur
461 1097 556 1160 amici
583 1097 682 1161 talem
711 1118 781 1161 esse
802 1096 839 1160 in
859 1117 950 1181 aum,
980 1099 1081 1182 qualis
1111 1104 1128 1154 t

152 1184 186 1248 in
210 1205 244 1247 se
267 1188 326 1268 est,
349 1185 404 1248 sed
427 1185 536 1268 potius
559 1183 638 1247 eniti
661 1188 694 1248 et
717 1183 855 1267 efficere,
877 1188 917 1248 ut
940 1187 1041 1252 amici
1077 1218 1079 1241 2
1092 1212 1111 1241 a

152 1275 220 1336 tem
243 1273 386 1336 animum
405 1273 522 1337 excitet
539 1272 733 1357 inducatque
751 1274 786 1336 in
805 1293 895 1356 spem
915 1274 1104 1374 cogitation
1126 1311 1127 1315 =

154 1382 215 1443 que
237 1361 412 1426 meliorem.
449 1360 543 1424 Alius
566 1360 668 1446 igitur
689 1359 763 1424 finis
786 1381 881 1424 verae
900 1362 1066 1427 amicitiae
1089 1388 1110 1417 o

153 1449 334 1513 stituendus
363 1453 425 1533 est,
455 1450 483 1513 si
509 1448 613 1533 prius,
646 1447 722 1532 quid
749 1469 898 1512 maxume
927 1451 1129 1534 reprehen

153 1535 260 1621 Scipio
289 1537 404 1602 solitus
433 1537 489 1614 sit,
516 1537 634 1601 dixero.
679 1535 832 1621 Negabat
853 1536 958 1601 ullam
981 1560 1088 1604 vocem
1115 1568 1117 1585 ³

152 1625 330 1690 imiciorem
353 1625 514 1690 amicitiae
537 1624 682 1709 potuisse
704 1624 839 1708 reperiri
866 1646 967 1709 quam
997 1627 1077 1710 eius,
1101 1655 1122 1679 ν

153 1714 287 1777 dixisset
318 1716 366 1778 ita
398 1735 507 1778 amare
539 1717 701 1796 oportere,
735 1715 773 1776 ut
805 1712 834 1775 si
866 1712 1046 1797 aliquando
1080 1741 1119 1771 sn

153 1821 281 1884 osurus3
307 1823 365 1865 nee
393 1822 469 1865 vero
493 1823 527 1864 se
551 1800 665 1865 adduci
690 1821 799 1885 posse,
828 1804 865 1865 ut
891 1801 970 1886 hoc,
999 1792 1129 1887 quenti

145 1889 283 1953 'modum
329 1893 484 1971 uteretur,
508 1912 528 1953 a
549 1887 666 1953 Biante
689 1909 759 1952 esse
782 1887 904 1952 dictum
927 1882 1130 1974 crederetqn'

152 1977 280 2061 sapiens
306 1913 439 2041 babitus
468 1981 553 2042 esset
580 1999 662 2041 unus
690 1998 707 2039 e
735 1979 873 2060 septem,
904 1977 1031 2063 impuri
1060 1977 1130 2044 cuin

152 2065 225 2128 dam
249 2070 306 2130 aut
329 2066 494 2131 ambitiosi
517 2069 572 2129 aut
596 2065 704 2130 omnia
727 2065 767 2128 ad
791 2086 882 2129 suam
904 2066 1087 2149 potentiam
1103 2080 1131 2127 n
1160 2105 1164 2128 i

150 2155 297 2216 vocantis
325 2174 395 2217 esse
423 2153 624 2217 sententiam.
670 2152 816 2228 Quonam
844 2152 930 2216 enim
955 2155 1055 2221 modo
1074 2151 1132 2237 quis

152 2260 249 2320 quam
272 2239 394 2304 amicus
418 2260 488 2304 esse
510 2240 632 2322 poterit
655 2241 693 2323 ei,
716 2241 766 2305 eui
790 2261 824 2304 se
842 2240 975 2324 putabit
992 2241 1133 2307 inimicum

151 2347 221 2390 esse
239 2327 357 2410 posse?
381 2326 580 2410 quinetiam
603 2348 732 2393 necesse
755 2328 817 2392 erit
838 2349 956 2413 cupere
980 2333 1015 2393 et
1039 2334 1133 2416 opus,

150 2418 187 2479 ut
206 2412 311 2498 'quam
340 2414 527 2500 saepissime
554 2419 665 2499 peccet
696 2417 832 2499 amicus,
864 2437 927 2499 quo
960 2417 1074 2502 plures
1101 2415 1135 2480 de

150 2503 212 2568 sibi
227 2508 394 2588 tamquam
410 2525 504 2569 ansas
519 2503 560 2568 ad
574 2503 882 2589 reprehendendum
900 2525 1033 2570 rursum
1054 2510 1136 2572 auten

149 2597 236 2656 recte
257 2591 353 2658 factis
377 2593 616 2676 commodisque
640 2592 816 2657 amicorum
837 2612 970 2656 necesse
991 2594 1058 2659 erit
1075 2588 1137 2677 angi,

97 2695 131 2744 eo
141 2679 267 2760 dolere,
286 2680 437 2745 invidere.
473 2678 578 2756 Quare
596 2680 658 2745 hoc
672 2679 800 2763 quidem
817 2683 1041 2765 praeceptum,
1059 2681 1139 2748 cuius

148 2788 284 2849 cumque
304 2772 362 2848 est,
381 2768 422 2832 ad
440 2768 618 2833 tollendam
635 2767 812 2832 amicitiam
830 2767 932 2851 valet3
950 2768 1038 2834 illud
1050 2769 1140 2856 potin

148 2853 410 2938 praecipiendum
437 2855 514 2938 fuit,
542 2860 580 2920 ut
608 2879 679 2920 eam
702 2855 906 2942 diligentiam
928 2854 1141 2923 adhiberemus

149 2943 183 3004 in
206 2942 357 3005 amicitiis
381 2944 615 3028 comparandis,
637 2948 675 3008 ut
695 2965 737 3008 ne
760 2942 887 3027 quando
909 2965 1021 3009 amare
1040 2945 1142 3030 incipe

148 3050 256 3093 remus
285 3052 370 3114 eum,
401 3053 496 3115 quem
520 3033 694 3115 aliquando
718 3031 824 3096 odisse
870 3052 1028 3098 essemus.
1076 3031 1143 3110 Qun

149 3117 260 3202 etiam,
284 3119 312 3183 si
334 3120 441 3184 minus
463 3119 574 3185 felices
597 3121 632 3182 in
655 3118 817 3205 diligendo
877 3120 1034 3205 issemus,
1057 3123 1144 3187 fcren-

147 3208 222 3271 dum
242 3207 274 3271 id
289 3205 395 3293 Scipio
416 3208 525 3294 potins
545 3230 642 3293 quam
660 3208 903 3272 inimicitiarum
921 3212 1056 3295 tempus
1075 3207 1145 3294 cogi

146 3296 282 3361 tandum
304 3298 451 3380 putabat.
1166 3370 1168 3375 ,

93 3362 135 3486 ἐ]
211 3383 273 3448 His
291 3384 393 3469 igitur
410 3384 529 3448 finibus
547 3384 704 3450 utendum
722 3384 873 3468 arbitror,
890 3386 937 3468 ut,
955 3405 1032 3450 cum
1051 3404 1147 3452 emen·
1166 3380 1168 3417 ³

146 3472 214 3535 dati
237 3493 342 3537 mores
367 3472 544 3537 amicorum
568 3473 642 3556 sint,
664 3476 735 3536 tum
759 3472 802 3536 sit
824 3471 910 3536 inter
932 3493 989 3537 eos
1012 3472 1168 3539 omnium*

145 3580 266 3642 rerum,
294 3561 516 3643 consiliorum,
543 3561 751 3625 voluntatum
778 3561 847 3624 sine
874 3559 945 3624 ulla
967 3563 1149 3648 exceptione

145 3647 369 3735 communitas,
388 3652 433 3733 ut,
453 3648 581 3713 etiamsi
600 3671 664 3736 qna
677 3647 810 3713 fortuna
823 3647 977 3714 acciderit
991 3654 1031 3714 ut
1049 3651 1149 3715 minus
