2394 4126
152 250 216 314 164
450 249 603 305 LAELIUS
621 249 669 304 DE
688 249 855 304 AMICITIA

151 412 259 477 Genus
283 416 392 478 autem
413 413 476 478 hoc
499 433 684 477 sermonum
704 411 849 494 positum
867 411 900 474 in
918 411 1089 476 hominum
1106 434 1152 478 ve

151 505 257 565 terum
280 501 488 582 auctoritate,
515 503 549 563 et
575 521 686 564 eorum
712 499 916 583 inlustrium,
945 500 1021 585 plus
1048 501 1152 567 nescio

152 611 215 674 quo
237 592 334 675 pacto
356 589 484 654 videtur
504 587 625 652 habere
649 587 836 672 gravitatis3
858 588 970 672 itaque
992 588 1063 674 ipse
1087 611 1154 654 mea

151 679 263 764 legens
291 677 337 742 sie
373 676 504 742 adficior
534 675 710 760 Interdum,
742 680 780 739 ut
806 674 978 760 Catonem,
1009 699 1075 741 non
1107 699 1153 742 ma

117 767 241 850 filoqui
264 765 453 830 existimem.
490 761 552 828 Sed
574 767 612 828 ut
633 767 705 827 tum
727 764 769 829 ad
792 786 901 829 senem
924 786 1023 829 senex
1049 766 1090 830 de
1113 780 1182 830 sss

151 856 293 936 nectute,
317 853 362 916 sic
384 852 447 916 hoc
468 851 555 917 libro
579 851 621 917 ad
644 852 783 917 amicum
807 853 1025 918 amicissimus
1044 854 1154 939 scripsi

152 943 190 1007 de
214 940 366 1005 amicitia.
411 938 493 1004 Tum
521 943 571 1004 est
598 939 680 1005 Cato
708 940 851 1026 locutus,
878 963 941 1024 quo
970 946 1043 1007 erat
1063 964 1154 1007 nemo

151 1031 218 1094 fere
242 1027 349 1092 senior
375 1027 577 1113 temporibus
605 1028 685 1112 illis,
716 1050 812 1094 nemo
839 1029 1045 1114 prudentior3
1075 1052 1155 1096 nunc

151 1115 280 1180 Laelius
304 1120 338 1180 et
360 1116 488 1200 sapiens
512 1115 573 1202 (sic
596 1117 682 1181 enim
705 1120 755 1181 est
772 1116 920 1203 habitus)
944 1121 978 1182 et
997 1118 1155 1184 amicitiae

47 1284 49 1287 ι
153 1204 259 1290 gloria
282 1204 440 1269 excellens
464 1204 503 1268 de
526 1204 671 1269 amicitia
693 1205 852 1289 loquetur.
885 1205 934 1270 Tu
952 1206 1051 1270 velim
1070 1230 1092 1293 a
1109 1224 1186 1272 meu

152 1292 296 1356 animum
313 1314 487 1377 parumper
504 1297 643 1377 avertaS,
658 1292 805 1358 Laelium
818 1294 909 1378 loqui
926 1294 1037 1378 ipsum
1054 1300 1155 1379 putes.

152 1377 187 1445 O.
214 1379 356 1445 Fannius
387 1385 420 1445 et
447 1379 483 1456 Q.
509 1380 634 1446 Mucius
666 1381 708 1445 ad
738 1403 886 1447 socerum
917 1382 1054 1447 veniunt
1085 1392 1156 1470 post

152 1472 292 1534 mortem
314 1468 474 1554 Africani,
497 1469 538 1534 ab
561 1470 613 1534 his
638 1490 743 1534 sermo
762 1471 875 1554 oritur,
892 1471 1069 1555 respondet
1082 1473 1156 1537 Lac-

143 1558 230 1638 ·lius,
257 1558 346 1622 cuius
369 1561 442 1624 tota
465 1557 641 1642 disputatio
665 1563 716 1623 est
738 1558 778 1622 de
807 1559 965 1642 amicitia,
995 1581 1093 1643 quam
1117 1562 1158 1625 le-

117 1650 381 1833 ggenlliimiiie
404 1667 598 1818 cgu‘iisibib,
627 1734 730 1817 Laeli3
762 1756 821 1800 nec
849 1735 935 1799 enim
962 1735 1081 1801 melior
1109 1663 1187 1801 vir¹⁵

152 1822 215 1887 fuit
242 1822 396 1888 Africano
424 1823 595 1908 quisquam
622 1845 681 1887 nec
707 1823 833 1888 clarior.
879 1821 941 1887 Sed
972 1824 1157 1889 existimare

114 1949 116 1956 ·
153 1910 249 1976 debes
273 1912 417 1976 omnium
440 1911 550 1976 oculos
572 1911 608 1976 in
630 1914 663 1974 te
691 1932 760 1975 esse
788 1912 951 1976 coniectos
981 1933 1096 1998 unum3
1126 1918 1157 1977 te

152 1999 331 2083 sapientem
350 2004 383 2065 et
401 1999 569 2084 appellant
587 2003 620 2063 et
634 1998 829 2064 existimant.
860 1999 1082 2065 Tribuebatur
1099 2001 1157 2066 hoc

152 2087 248 2152 modo
270 2087 313 2150 M.
337 2086 467 2170 Catoni,
490 2087 617 2151 scimus·
631 2085 667 2151 L.
690 2086 832 2150 Acilium
855 2087 941 2171 apud
964 2092 1077 2172 patres
1104 2103 1188 2154 now

153 2178 238 2239 stros
258 2175 459 2258 appellatum
477 2195 547 2237 esse
562 2173 750 2257 sapientem,
770 2175 826 2238 sed
843 2179 979 2260 uterque
997 2177 1063 2241 alio
1084 2199 1156 2262 quo

153 2262 226 2325 dam
249 2261 359 2343 modo,
387 2260 525 2344 Acilius,
552 2261 629 2343 quia
650 2261 790 2344 prudens
818 2283 887 2326 esse
909 2263 945 2328 in
972 2263 1043 2329 iure
1071 2266 1157 2330 civili

151 2349 338 2434 putabatur,
361 2346 453 2432 (lato,
471 2349 547 2432 quia
565 2349 742 2413 multarum
760 2372 868 2415 rerum
886 2373 981 2416 usum
998 2352 1155 2436 habebat3

151 2439 256 2503 multa
279 2437 347 2502 eius
371 2437 460 2502 etin
483 2440 596 2503 senatu
625 2442 659 2502 et
685 2437 817 2504 infero
845 2439 897 2503 vel
925 2439 1058 2524 provisa
1085 2464 1157 2525 pru·

152 2527 264 2593 denter
295 2528 348 2592 vel
376 2530 449 2592 acta
475 2530 662 2592 constanter
689 2527 741 2591 vel
768 2549 926 2612 responsa
952 2531 1046 2592 acute
1076 2528 1189 2594 feres

151 2616 284 2700 bantur3
319 2620 493 2702 propterea
525 2616 618 2699 quasi
650 2636 830 2700 cognomen
860 2616 927 2679 iam
953 2614 1099 2681 habebat
1125 2617 1158 2681 in

100 2710 139 2777 (⁵1)
154 2707 318 2767 senectute
337 2704 503 2786 sapientis.
534 2703 580 2766 Te
604 2706 711 2767 autem
735 2703 800 2766 alio
820 2703 958 2786 quodam
977 2705 1074 2768 modo
1092 2727 1158 2769 non

153 2791 258 2854 solum
280 2793 399 2854 natura
421 2795 454 2854 et
476 2790 631 2873 moribus,
653 2810 765 2853 verum
789 2790 888 2855 etiam
909 2792 1016 2856 studio
1035 2796 1069 2856 et
1088 2793 1158 2858 doc·

152 2877 239 2941 trina
261 2899 331 2942 esse
355 2878 542 2961 sapientem,
564 2898 623 2941 nec
646 2877 730 2941 sicut
752 2878 879 2963 vulgus,
903 2879 958 2944 sed
980 2885 1027 2944 ut.
1040 2881 1158 2945 eruditi

153 2966 260 3030 solent
282 2965 448 3049 appellare
472 2965 659 3048 sapientem,
683 2965 812 3048 qualem
830 2967 865 3031 in
882 2968 1008 3052 reliqua
1022 2966 1157 3034 Graecia
1169 2981 1192 3021 ⁸⁰

117 3072 132 3120 '1
151 3053 313 3118 neminem
336 3050 427 3138 (uam
455 3051 510 3134 qui
533 3056 657 3136 septem
681 3054 900 3140 appellantur,
919 3078 987 3140 eos,
1015 3057 1071 3139 qui
1093 3057 1158 3120 ista

153 3141 306 3207 subtilius
330 3143 497 3226 quaerunt,
519 3139 554 3202 in
571 3162 705 3206 numero
724 3143 919 3226 sapientium
932 3165 998 3209 non
1010 3143 1161 3226 habent),

151 3230 292 3296 Athenis
314 3252 414 3294 unum
438 3227 627 3311 accepimus,
650 3233 683 3293 et
703 3252 776 3294 eum
795 3233 923 3315 quidem
943 3232 1041 3296 etiam
1054 3231 1157 3316 Apol-

151 3320 228 3384 linis
252 3318 382 3383 0raculo
406 3315 680 3401 sapientissimum
703 3319 893 3405 iudicatum3
919 3321 1003 3385 hano
1026 3341 1096 3383 esse
1123 3320 1158 3383 in

152 3411 185 3471 te
209 3407 403 3492 sapientiam
427 3405 636 3488 existumant,
666 3410 703 3471 ut
726 3410 835 3474 omnia
857 3414 915 3474 tua
937 3409 1026 3472 inte
1049 3408 1157 3491 posita
1170 3421 1195 3462 ³⁵

106 3564 110 3574 ,
154 3516 224 3559 esse
249 3497 346 3561 ducas
369 3494 591 3576 humanosque
614 3517 706 3560 casus
729 3498 851 3563 virtute
868 3495 1036 3562 inferiores
1054 3500 1157 3578 putes.

152 3581 267 3667 Itaque
291 3606 329 3649 ex
352 3606 404 3647 me
429 3585 600 3668 quaerunt,
630 3585 724 3651 credo
748 3609 786 3652 ex
808 3588 878 3653 hoc'
892 3587 971 3650 item
994 3581 1158 3666 Scaevola,
