2394 4126
138 279 200 343 186
435 274 589 330 MELIUS
606 273 655 328 Da
674 273 841 328 AMICITIA

136 438 233 522 venti,
256 439 396 502 retinent
419 441 529 502 tamen
552 436 721 500 caritatem
743 436 779 500 in
800 439 956 521 pastores,
982 456 1053 519 quos

134 532 204 592 tres
235 526 356 591 multos
389 545 491 589 annos
524 545 594 588 esse
623 524 792 590 duxerunt.
767 522 929 599 tQuod
955 529 1004 587 est

135 615 281 700 profecto
305 613 410 697 magis
433 612 468 675 in
489 612 575 676 veris
598 611 747 712 patribus
770 612 930 695 certisque
949 612 1053 677 facient

136 703 272 768 Fructus
291 701 376 764 enim
394 699 517 784 ingenii
535 703 569 765 et
586 700 717 765 virtutis
737 699 904 783 omnisque
922 705 1053 784 praesta

136 796 207 856 tum
234 808 402 854 maxumus
430 787 571 872 capitur,
601 809 674 853 eum
697 788 732 850 in
758 810 952 872 proxumum
983 810 1053 873 quen

81 928 128 993 20
137 878 309 944 confertur

182 963 249 1028 ·Ut
270 962 417 1047 igitur‘'
395 985 429 1047 ιι,
453 964 508 1064 qui
527 963 656 1028 suntin
668 962 830 1027 amicitiae
845 963 1053 1028 coniunctioni

83 1007 371 1116 71ιιιιιιιιιιιιιιιι
391 1052 581 1136 superiores,
600 1072 778 1134 exaequare
797 1073 831 1115 se
848 1073 920 1116 eum
936 1052 1053 1116 inferior

137 1139 263 1215 debent,
287 1138 333 1204 sic
355 1139 524 1205 inferiores
548 1160 613 1203 non
632 1138 740 1204 dolere
759 1160 793 1203 se
812 1161 832 1204 a
850 1140 918 1204 suis
937 1141 1019 1204 aut
1010 1162 1053 1224 mg

137 1230 194 1292 aut
216 1188 283 1291 soit
269 1231 349 1292 tuna
371 1231 428 1292 aut
451 1227 611 1313 dignitate
634 1227 788 1311 superari.
831 1225 976 1302 Quorum
997 1229 1053 1312 pler

137 1319 194 1380 aut
217 1319 395 1398 queruntur
424 1337 551 1398 semper
579 1315 702 1398 aliquid
731 1320 787 1380 aut
815 1316 914 1380 etiam
936 1316 1053 1400 exprobz

137 1424 239 1487 eoque
261 1403 380 1488 magis,
408 1403 437 1468 si
458 1403 579 1468 habere
607 1424 641 1467 se
667 1407 798 1488 putant,
831 1404 918 1487 quod
945 1404 1053 1469 officior

137 1493 239 1558 amice
262 1497 296 1556 et
318 1514 391 1556 cum
413 1492 525 1557 labore
544 1490 653 1574 aliquo
672 1512 730 1556 suo
748 1491 872 1556 factum
891 1496 1010 1575 queant
1028 1491 1053 1554 di

138 1579 293 1646 Odiosum
318 1601 398 1645 sane
418 1602 520 1666 genus
542 1579 710 1643 hominum
733 1579 840 1644 officia
865 1581 1053 1664 exprobrant

139 1691 220 1753 quae
243 1669 428 1734 meminisse
452 1667 607 1748 debetis,
630 1668 665 1731 in
688 1689 783 1750 quem
806 1668 937 1732 conlata
960 1674 1043 1750 sunt,

83 1774 118 1824 ιι
137 1779 398 1840 commemorare,
422 1755 477 1840 qui
498 1754 647 1821 eontulit.
685 1753 789 1830 Quam
813 1756 854 1819 ob
878 1777 955 1839 rem,
978 1755 1053 1837 ιιιιι

137 1845 319 1928 superiores
344 1848 428 1924 sunt,
451 1844 653 1907 summittere
677 1865 711 1907 se
733 1843 852 1907 debent
870 1844 905 1907 in
923 1844 1053 1909 amicitia

137 1931 278 2016 quodam
296 1932 392 1996 modo
410 1931 580 1995 inferiores
600 1931 764 1995 extollere.
796 1928 985 1996 Sunt'enim
1004 1931 1052 2016 qui

137 2021 193 2104 qui
215 2020 371 2085 molestas
396 2019 555 2084 amicitias
578 2019 713 2101 faciunt,
742 2041 814 2083 eum
837 2020 901 2103 ipsi
925 2042 958 2084 se
982 2024 1053 2085 cont

136 2112 268 2192 putant3
300 2107 385 2190 quod
412 2129 478 2172 non
504 2106 571 2170 fere
599 2107 760 2190 contingit
787 2108 852 2171 nisi
878 2108 933 2191 iis,
967 2109 1053 2191 quie

137 2195 389 2259 contemnendos
413 2216 447 2258 sa
475 2193 692 2274 arbitrantur3
725 2195 781 2275 qui
812 2195 873 2258 hac
901 2196 1046 2279 opinione

82 2298 118 2349 tt
137 2282 233 2346 modo
255 2281 377 2364 verbm,
401 2281 456 2345 sed
480 2281 579 2345 etiam
601 2301 698 2380 opere
721 2280 851 2345 levandi
874 2288 959 2347 sunt.
936 2284 1053 2347 ιΤιι

137 2374 246 2436 autem
269 2369 384 2453 cuique
404 2369 622 2453 tribuendum,
644 2368 785 2454 primum
809 2373 997 2453 quantum
987 2393 1052 2456 1pse

137 2481 208 2526 cere
231 2459 351 2546 possis,
375 2457 545 2537 deindet
511 2458 611 2524 etiam
633 2460 790 2558 quantum
812 2458 869 2522 ille
875 2459 1053 2543 ,quamdi

9 2554 12 2561 ’
137 2553 235 2634 atquo
258 2548 399 2651 adiuves,
422 2547 590 2614 sustinere.
635 2545 712 2612 Non
734 2546 821 2610 enim
842 2568 947 2630 noque
970 2552 1007 2613 tu
1027 2571 1053 2632 pr

138 2638 286 2720 quamvis
309 2637 458 2717 excellas,
482 2657 593 2701 omnes
612 2639 686 2699 tuos
706 2634 747 2698 ad
766 2635 905 2698 honores
924 2636 1053 2720 ampliss

136 2725 319 2805 perducere,
341 2728 379 2787 ut
400 2722 508 2804 Scipio
531 2722 566 2784 P.
588 2721 756 2805 Rupilium
779 2743 821 2806 po
823 2723 887 2786 tuit
910 2725 1053 2789 consuler

136 2809 241 2892 ficere,
263 2810 400 2872 fratrem
420 2807 537 2870 eiusL
555 2827 622 2869 non
634 2807 751 2889 potuit.
783 2808 905 2885 Quodsi
924 2813 1053 2896 etiamp

137 2859 265 2978 quidvis
288 2894 412 2959 deferre
435 2893 477 2956 ad
499 2892 547 2956 alt
532 2895 647 2977 t,erum
669 2894 842 2962 videndum
861 2903 1048 2982 esttamen,

136 2982 194 3046 ille
216 2982 321 3066 possit
344 2980 511 3045 sustinere.

21 3139 31 3151 ‚
81 3087 119 3139 ιι
203 3069 341 3134 Omnino
365 3067 526 3131 amicitiae
549 3070 800 3137 conroboratis'
790 3096 857 3138 ram
880 3076 1053 3141 confirmat

136 3159 201 3224 ιι
192 3157 387 3246 mgeniiset
373 3157 498 3220 ttaeta
484 3155 572 3220 tibus
599 3157 788 3226 iudicandae
815 3165 905 3245 sunt,
933 3186 1006 3248 nec,
1038 3187 1052 3229 s

136 3248 267 3313 ineunte
291 3248 397 3310 aetate
420 3244 638 3312 venandit
582 3251 638 3312 aut
660 3249 747 3332 pilae
770 3214 909 3315 studiosi
925 3216 1053 3317 fuerint

136 3336 256 3401 habere
279 3332 487 3418 necessarios,
511 3356 591 3418 quos
614 3339 685 3401 tum
708 3336 822 3403 eodem
845 3339 952 3404 studio
979 3363 1053 3425 prae

137 3425 326 3490 dilexerunt
358 3421 427 3488 isto
393 3423 532 3487 tanim
546 3424 642 3490 modo
661 3424 803 3491 nutrices
823 3431 856 3492 et
874 3428 1053 3514 paedagogi

136 3535 174 3576 ve
176 3516 228 3576 tus
176 3510 310 3575 ttatis
342 3511 519 3596 plurimum
551 3512 789 3578 benivolentiae
823 3516 1053 3600 postulabunt3

135 3598 329 3684 neglegendi
352 3601 480 3684 quidem
502 3623 569 3666 non
591 3604 682 3685 sunt,
711 3602 767 3666 sed
791 3603 855 3668 alio
884 3604 1053 3688 quodam:
