2394 4126
251 245 328 320 cnr.
347 251 424 302 a-a.
462 253 608 312 saa-aa.
871 247 932 313 171

79 407 211 470 nfirma
229 406 343 471 civitas
363 410 421 484 est,
445 429 526 491 quae
546 427 612 473 non
631 406 713 472 odiis
737 409 770 471 et
793 406 934 474 discidiis

94 495 201 579 possit
224 495 349 560 everti?
385 493 436 559 Ex
459 516 532 580 quo,
555 498 712 580 quantum
735 495 813 560 boni
834 497 879 560 sit
901 497 935 560 in

95 581 230 647 iudicari
242 586 361 667 potest.
393 583 646 668 Agrigentinum
660 582 790 668 quidem
804 582 935 649 doctum
953 599 987 648 24

80 693 88 733 ι
106 671 212 735 virum
231 671 428 735 carminibus
443 668 574 736 Graecis
589 671 804 738 vaticinatum
817 671 935 756 ferunt,

81 780 189 822 rerum
205 763 323 824 natura
336 762 471 842 totoque
489 758 608 824 mundo
627 763 822 842 constarent,
841 781 935 844 quae

80 850 237 930 serentur,
270 869 308 912 ea
336 845 526 912 contrahere
554 846 745 932 amicitiam,
776 848 935 933 dissipare

80 957 129 998 im.
165 935 275 1019 Atque
293 935 355 1001 hoc
374 934 503 1019 quidem
521 957 632 1000 omnes
654 938 810 1002 mortales
834 941 866 1002 et
889 937 935 1001 in-

80 1027 89 1086 t
118 1025 150 1087 et
177 1045 212 1087 re
239 1023 390 1107 probant.
433 1021 562 1107 Itaque,
593 1023 621 1087 si
648 1025 775 1108 quando
802 1025 935 1109 aliquod

99 1111 209 1174 extitit
237 1110 332 1175 amici
354 1111 389 1174 in
418 1111 571 1196 periculis
604 1116 660 1177 aut
691 1114 845 1179 adeundis
877 1118 934 1179 aut

80 1199 214 1282 icandis,
239 1199 310 1282 quis
334 1202 396 1284 est,
420 1200 475 1283 qui
497 1199 531 1263 id
552 1221 618 1264 non
640 1200 791 1266 maximis
814 1202 934 1268 ecferat

82 1289 99 1351 ‘l
136 1286 198 1363 Oui
219 1288 376 1353 clamores
399 1291 471 1353 tota
493 1310 592 1353 cavea
613 1311 716 1374 nuper
738 1289 773 1352 in
794 1289 933 1375 hospitis

102 1376 165 1439 mei
187 1375 229 1439 M.
252 1375 373 1440 Pacuvi
394 1397 481 1441 nova
509 1375 634 1440 fabula!
668 1398 740 1440 cum
763 1377 935 1462 ignorante

82 1485 116 1527 er
139 1463 271 1527 Orestes
293 1469 384 1540 esset,
410 1463 543 1544 leodes
565 1463 713 1526 Orestem
740 1484 775 1527 se
798 1483 868 1528 esse
892 1464 936 1526 di·

95 1573 154 1634 pro
173 1551 232 1615 illo
250 1554 428 1632 necaretur,
446 1550 579 1613 Orestes
598 1552 716 1624 autem,
735 1549 784 1610 ita
800 1552 839 1610 ut
857 1553 937 1631 erat,

100 1660 134 1702 se
158 1659 229 1701 esse
251 1639 482 1734 perseveraret.
527 1632 659 1696 Stantes
681 1633 882 1733 plaudebant
902 1635 938 1698 in

81 1718 937 1893 ‚ldffissapltsiprplpplrminigesrpmppcpuunpshfflpst

81 1920 144 2047 :stre
167 1897 231 1980 ipsi
253 1917 320 1959 non
341 1899 488 1980 possent,
517 1895 552 1959 id
573 1898 660 1960 recte
682 1895 752 1970 fieri
774 1897 809 1980 in
832 1898 935 1963 altero

81 2008 119 2047 n.

81 2093 162 2136 enus
190 2072 271 2135 mihi
297 2072 408 2137 videor
435 2071 474 2136 de
501 2070 644 2136 amicitia
674 2072 749 2156 quid
782 2074 935 2140 sentirem

98 2160 214 2242 dicere3
243 2160 271 2222 si
299 2182 380 2243 quae
403 2163 572 2244 praeterea
594 2164 670 2225 sunt
693 2159 801 2247 (credo
826 2166 934 2228 autem

81 2246 154 2333 lta),
182 2248 223 2312 ab
247 2248 300 2332 iis,
328 2248 357 2312 si
378 2247 555 2328 videbitur,
584 2249 639 2333 qui
666 2249 730 2314 ista
758 2250 934 2337 disputant,

81 2341 120 2400 te.

81 2449 142 2489 uus.
176 2423 245 2488 Nos
264 2428 373 2489 autem
392 2446 412 2489 a
429 2427 463 2488 te
477 2425 601 2509 potius3
620 2447 817 2509 quamquam
832 2427 932 2490 ctiam
952 2442 986 2491 aa

90 2533 186 2597 saepe
210 2511 355 2595 quaesivi
374 2515 407 2576 et
425 2512 534 2576 audivi
550 2534 616 2578 non
632 2513 755 2578 invitus
775 2512 935 2597 equidem;

81 2601 96 2663 i
121 2600 282 2685 quoddam
304 2599 397 2664 filum
421 2599 579 2665 orationis
601 2604 685 2666 tuae.

81 2715 157 2754 roan.
203 2688 287 2753 Tum
309 2688 415 2774 magis
437 2687 471 2752 id
494 2687 628 2773 diceres,
649 2688 764 2774 Fanni,
786 2689 815 2754 si
831 2710 935 2775 nuper

82 2775 268 2860 =Scipionis,
291 2797 363 2841 cum
382 2779 433 2841 est
452 2776 491 2842 de
514 2799 548 2842 rc
570 2778 701 2862 publica
724 2778 935 2864 disputatum,

82 2888 96 2928 1.
143 2863 254 2939 Qualis
281 2867 351 2937 tum
379 2868 535 2948 patronus
563 2865 708 2932 iustitiae
734 2867 797 2932 fuit
820 2872 934 2935 contra

82 2976 114 3016 m
138 2953 318 3017 orationem
341 2951 440 3017 Phili!

82 3067 142 3106 uus.
173 3040 281 3106 Facile
294 3040 328 3104 id
344 3041 471 3124 quidem
484 3041 556 3127 fuit,
579 3042 934 3109 iustitiamiustissimo
1018 3040 1094 3086 Ἦ·

82 3129 198 3193 endere.

82 3244 156 3283 rain.
193 3217 297 3293 Quid?
321 3218 496 3284 amicitiam
514 3236 621 3281 nonne
638 3215 733 3278 facile
757 3214 795 3296 ei,
819 3215 872 3297 qui
893 3215 934 3276 ob

82 3328 146 3369 ima
159 3306 229 3385 fide,
249 3307 433 3372 constantia
444 3302 634 3381 iustitiaque
649 3302 812 3363 servatam
826 3321 936 3363 maxu-

82 3394 180 3458 oriam
203 3394 346 3475 ceperit?

83 3508 138 3548 rus.
174 3480 250 3543 Vim
272 3479 335 3544 hoo
353 3478 482 3562 quidem
501 3477 551 3540 est
574 3472 707 3538 adferre.
743 3472 827 3549 Quid
849 3470 935 3536 enim
953 3451 987 3575 do

83 3594 124 3634 ua
146 3590 198 3632 me
221 3566 346 3630 ratione
369 3562 517 3650 cogatis?
540 3562 658 3648 cogitis
682 3564 776 3626 certe.
812 3557 934 3625 Studiis
