2394 4126
423 108 537 180 111‚1V.
574 115 723 176 §aa-2⁷.
1004 110 1069 174 205

112 301 141 327 ν,
168 270 285 355 cuique
312 273 444 355 peccato
471 291 577 355 poena
604 271 661 355 ait,
690 270 746 336 sed
775 274 931 355 quantum
954 271 1068 354 cuique

78 399 80 404 -
113 390 133 414 :11
156 410 166 445 ,
187 362 338 445 spectare
357 358 524 443 debemus,
547 358 698 442 quicquid
716 380 782 424 non
802 363 941 444 oportet,
964 361 1069 424 scelus

45 517 52 536 „
103 495 108 500 «
123 479 128 503 2
154 447 308 533 quicquid
320 468 387 512 non
401 447 487 530 licet,
500 446 591 511 nefas
604 449 721 532 putare
733 447 894 512 debemus.
916 446 1069 512 Etiamne

123 535 264 602 minimis
296 535 415 600 rebus?
460 533 586 619 Etiam,
617 535 775 619 siquidem
802 557 909 601 rerum
938 536 1069 600 modum

92 651 131 698 221
151 655 154 662 ·
180 646 247 690 non
269 643 453 708 possumus,
475 623 657 689 animorum
680 625 811 689 modum
830 628 940 689 tenere
957 645 1069 708 possu-

70 732 144 779 ’Ἧι
183 711 313 778 Histrio
346 712 375 776 si
405 712 540 797 paulum
573 733 607 776 se
638 713 742 778 movit
770 717 862 777 extra
890 734 1069 797 numerum,
1088 731 1120 779 26

50 802 123 866 ut
149 800 177 865 si
204 821 319 866 versus
351 799 581 885 pronuntiatus
617 803 668 864 est
695 801 823 884 syllaba
848 823 914 866 una
940 802 1070 866 breuior

57 911 110 955 t.·==
139 888 283 975 longior,
306 888 510 974 exsibilatur,
538 887 735 973 exploditur,
760 889 795 953 in
818 889 959 975 vitatu,
987 911 1069 974 quae

72 992 151 1041 ‘mm
171 980 267 1064 gestu
291 975 498 1061 moderatior,
521 977 609 1042 omni
631 998 727 1042 versu
750 977 857 1062 aptior
876 999 946 1043 esse
965 978 1070 1063 debet,

58 1081 92 1110 ὐ
124 1066 250 1150 syllaba
278 1067 312 1130 te
338 1085 489 1150 peccasse
517 1064 624 1130 dices?
670 1064 806 1130 Po'e‘tam
827 1087 893 1130 non
917 1067 1012 1132 audio
1035 1068 1069 1130 in

53 1178 78 1218 .1
100 1151 169 1237 ¹252,
189 1154 226 1218 in
248 1152 336 1219 vitae
358 1153 514 1220 societate
537 1153 666 1218 audiam
685 1154 787 1220 civem
806 1154 918 1239 digitis
936 1160 1069 1239 peccata

60 1237 282 1307 oo‘cticntem
305 1241 385 1306 sua?
431 1238 466 1306 si
489 1241 547 1326 vie,
570 1263 648 1307 sane
671 1242 737 1307 sint
760 1243 923 1326 breviora,
946 1244 1069 1308 leviora

61 1328 120 1411 qui
142 1331 282 1415 possunt
308 1328 431 1394 videri?
463 1351 548 1413 cum,
577 1329 728 1414 quicquid
755 1334 918 1414 peccetur,
944 1334 1069 1415 pertur-

47 1404 192 1491 ,batione
222 1420 374 1503 peccetur
405 1416 541 1484 rationis
575 1421 672 1501 atque
706 1417 841 1500 ordinis,
877 1418 1069 1501 perturbata

25 1502 170 1574 ,auem
192 1506 294 1571 semel
316 1505 442 1570 ratione
465 1509 498 1570 et
521 1505 632 1570 ordine
654 1504 737 1570 nihil
759 1504 865 1589 possit
888 1503 976 1590 addi,
1004 1527 1069 1589 quo

29 1590 36 1605 '
64 1593 167 1681 maffia
188 1593 316 1679 peccari
338 1615 434 1679 posse
457 1593 613 1658 videatur.

10 1714 18 1749 l

372 1873 680 1941 PARADOXON
703 1871 759 1938 IV.

10 1928 28 1991 '⁵⁸
146 1972 216 2042 “Orc
238 1979 299 2055 πᾶς
319 1974 439 2066 ἄφρων
461 1984 621 2065 μαίνεται.

10 2114 14 2121 “
128 2117 201 2205 Ego
221 2140 295 2184 vero
313 2123 346 2186 te
363 2142 431 2187 non
448 2121 596 2207 stultum,
618 2125 655 2186 ut
675 2141 779 2206 saepe,
801 2142 868 2186 non
885 2121 1068 2208 inprobum,
1087 2102 1121 2228 3,

10 2206 101 2291 ,mut
122 2228 262 2293 semper,
285 2208 341 2274 aed
363 2208 545 2274 dementem
569 2258 576 2274 .
598 2260 605 2273 .
630 2260 636 2273 .
660 2260 668 2274 .

10 2328 33 2427 l*
115 2434 124 2449 .
143 2433 151 2450 .
172 2383 269 2451 rebus
292 2383 334 2450 ad
355 2384 478 2452 victum
494 2381 685 2450 necessariis
705 2402 775 2448 csse
793 2382 932 2447 invictus
950 2385 1069 2466 potest.

10 2464 19 2559 ῗζ
64 2468 225 2558 Sapientis
239 2471 365 2538 animus
379 2471 602 2560 magnitudine
615 2469 751 2555 consilii,
771 2470 947 2535 tolerantia
961 2491 1069 2536 rerum

10 2578 12 2585 ·
64 2558 285 2644 humanam,
303 2561 543 2647 contemptione
560 2559 720 2644 fortunae,
738 2557 914 2624 virtutibus
933 2557 1069 2645 denique

10 2658 54 2731 :⁸
63 2649 211 2715 omnibus
229 2652 268 2713 nt
285 2648 453 2714 moenibus
468 2652 600 2735 saeptus
613 2648 760 2716 vincetur
774 2653 807 2714 et
821 2648 1069 2736 expugnabitur,

10 2738 19 2821 l
62 2736 118 2822 qni
141 2758 184 2803 ne
210 2735 345 2803 civitate
368 2737 497 2822 quidem
518 2737 600 2823 pelli
621 2738 752 2823 potest?
798 2736 887 2813 Quae
910 2741 961 2804 est
983 2736 1069 2805 enim

10 2830 20 2851 ⁵
60 2824 197 2891 civitas?
242 2824 388 2890 omnisne
411 2829 587 2892 conventus
610 2826 710 2892 etiam
732 2825 875 2893 ferorum
899 2831 932 2892 et
956 2827 1069 2893 imma-

58 2912 171 2979 nium?
198 2912 346 2979 omnisne
375 2914 474 2979 etiam
500 2913 714 3001 fugitivorum
743 2936 780 2980 ac
807 2915 972 2979 latronum
995 2936 1069 2980 con·

100 3005 198 3088 agata
224 3022 325 3066 unum
352 3001 387 3066 in
416 3003 522 3068 locum
555 3000 754 3067 multitudo?
799 3000 895 3064 Certe
922 3001 1068 3084 negabis.

23 3104 48 3149 n
91 3110 136 3155 on
165 3088 270 3176 igitur
301 3093 372 3154 erat
399 3089 458 3156 illa
488 3095 559 3156 tum
591 3089 720 3170 civitas,
752 3108 825 3152 cum
853 3087 942 3172 leges
968 3087 1003 3150 in
1031 3108 1069 3150 ca

56 3176 142 3243 nihil
163 3177 329 3262 valebant,
351 3199 423 3243 cum
442 3179 559 3245 iudicia
577 3176 736 3252 iacebant,
760 3195 832 3239 cum
851 3195 922 3239 mos
941 3173 1067 3259 patrius

57 3265 230 3349 occiderat,
245 3287 318 3331 cum
331 3264 418 3332 ferro
430 3268 534 3352 pulsis
549 3261 798 3349 magistratibus
809 3266 940 3328 senatus
950 3283 1069 3327 nomen

55 3354 93 3419 in
115 3375 151 3419 re
173 3353 305 3440 publica
327 3374 393 3419 non
416 3359 502 3440 erat,
537 3351 734 3437 praedonum
760 3351 817 3415 ille
839 3371 1012 3417 concursus
1036 3352 1069 3413 et

54 3446 91 3509 te
120 3442 198 3509 duce
225 3440 432 3508 latrocinium
459 3443 493 3508 in
519 3441 592 3507 foro
618 3439 831 3505 constitutum
856 3443 888 3504 et
910 3436 1067 3524 reliquiae
