2394 4126
328 218 373 274 vl.
403 218 478 273 eAP.
498 225 523 284 2,
543 226 565 273 u
596 224 742 285 §ro-sa
975 220 1039 284 213

71 404 135 466 na,
163 380 315 463 tabulas,
343 380 577 466 supellectilem
605 383 638 444 et
665 383 789 445 vestem
816 380 942 445 infinite
970 402 1044 445 con-

71 470 210 555 piscenti
228 490 296 534 non
314 467 409 534 modo
429 469 470 533 ad
489 472 654 554 sumptum
676 468 734 532 ille
757 471 807 533 est
829 467 963 551 fructus,
987 469 1043 532 sed

71 582 129 625 am
162 558 206 624 ad
238 557 351 622 faenus
383 556 526 641 exiguus.
582 555 631 620 lox
663 577 735 621 meo
767 557 857 621 tenui
890 555 1043 640 vectigali

71 648 187 713 tractis
218 644 401 729 sumptibus
429 644 616 729 cupiditatis
649 643 772 728 aliquid
803 644 903 709 etiam
930 644 1043 708 redun-

71 735 131 802 bit
169 733 255 799 Uter
272 733 374 818 igitur
392 735 442 797 est
463 731 603 816 divitior,
625 733 676 797 oui
699 733 790 797 deest
813 755 855 797 an
878 733 928 797 cui
951 752 1043 817 supe·

71 823 105 888 t?
135 822 194 907 qui
221 824 297 906 eget
323 843 365 885 an
392 821 447 904 qui
475 819 639 885 abundat?
670 821 759 886 cuius
787 820 949 905 possessio
978 841 1042 904 quo

71 910 225 992 tmaior,
254 929 291 974 eo
314 909 388 993 plus
412 908 548 992 requirit
572 909 612 972 ad
635 929 669 972 se
696 910 863 993 tuendam,
891 931 933 974 an
961 929 1042 993 quae

71 999 99 1065 is
124 1020 159 1063 se
183 996 308 1062 viribus
331 996 492 1061 sustinet?
529 993 592 1060 Sed
614 997 691 1080 quid
709 1017 770 1081 ego
789 998 828 1062 de
847 1019 898 1062 me
918 998 1043 1080 loquor,
1062 1013 1096 1062 50

71 1088 90 1152 ri
112 1107 242 1151 morum
265 1105 303 1150 ao
326 1089 509 1169 temporum
531 1084 612 1149 vitio
636 1085 839 1169 aliquantum
857 1086 956 1152 etiam
973 1085 1044 1170 ipse

71 1179 176 1240 rtasse
198 1173 234 1236 in
255 1172 351 1237 huius
375 1173 495 1238 saeculi
519 1194 626 1239 errore
649 1173 779 1238 verser?
816 1173 867 1239 Μ’.
889 1172 1043 1239 Manilius

71 1267 167 1328 rtrum
189 1263 377 1326 nostrorum
400 1261 565 1344 memoria,
587 1282 628 1325 ne
652 1282 778 1347 semper
796 1260 911 1327 Ourios
932 1266 965 1326 et
984 1261 1043 1327 Lu·

71 1350 143 1416 inos
170 1350 356 1432 loquamur,
387 1371 510 1433 pauper
539 1348 671 1414 tandem
697 1348 782 1414 fuit?
813 1349 930 1415 habuit
957 1351 1044 1414 enim

71 1437 198 1503 dioulas
222 1436 256 1501 in
278 1435 405 1502 Carinis
428 1441 462 1501 et
483 1436 619 1501 fundum
640 1438 676 1501 in
698 1437 877 1520 Labican03
900 1459 960 1503 nos
983 1437 1044 1522 igi·

71 1524 95 1591 r'
114 1525 295 1608 divitiores,
325 1525 380 1608 qui
402 1525 497 1609 plura
519 1524 698 1589 habemus?
743 1524 878 1590 Utinam
901 1526 1043 1608 quidem!

71 1613 95 1678 d
116 1635 182 1679 non
204 1613 431 1678 aestimatione
453 1633 577 1695 census,
600 1634 712 1676 rerum
729 1612 818 1678 victu
836 1616 934 1695 atque
954 1613 1044 1677 cultu

71 1702 230 1767 rminatur
243 1701 397 1785 pecuniae
411 1702 534 1767 modus.
566 1698 642 1764 Non
656 1720 725 1764 esse
740 1699 890 1784 cupidum
909 1700 1044 1784 pecunia
1063 1717 1095 1766 51

71 1793 103 1872 rt,
127 1811 194 1856 non
221 1810 291 1855 esse
319 1811 460 1854 emacem
486 1789 628 1874 vectigal
658 1790 721 1871 est3
753 1791 941 1853 contentum
968 1809 1045 1853 vero

71 1878 224 1943 derebus
248 1898 318 1942 osse
341 1878 500 1942 maximae
524 1881 599 1941 sunt
623 1876 886 1960 certissimaeque
905 1875 1046 1940 divitiae.

71 1966 168 2031 tenim
201 1966 229 2030 si
261 1966 318 2030 isti
349 1966 459 2030 callidi
490 1987 598 2030 rerum
631 1965 855 2029 aestimatores
887 1968 983 2049 prata
1013 1967 1046 2028 et

71 2073 131 2119 reas
153 2053 310 2138 quasdam
333 2075 452 2140 magno
477 2053 660 2136 aestimant,
684 2052 769 2136 quod
792 2052 821 2116 ei
845 2052 955 2137 generi
974 2073 1046 2136 pos·

71 2141 220 2207 essionum
251 2141 383 2206 minime
417 2141 510 2225 quasi
541 2141 651 2206 noceri
687 2143 811 2226 potest,
849 2141 962 2224 quanti
995 2143 1045 2204 est

71 2229 240 2296 estimanda
261 2229 379 2313 virtus,
407 2250 489 2312 quae
515 2250 574 2294 neo
602 2228 684 2315 eripi
705 2250 764 2295 nec
788 2229 913 2314 subripi
935 2232 1046 2313 potest

71 2336 142 2400 eque
168 2316 340 2402 naufragio
372 2338 475 2401 neque
507 2317 653 2383 incendio
687 2317 849 2382 amittitur
880 2338 939 2382 neo
967 2319 1045 2381 tem·

71 2408 201 2470 astatum
228 2427 288 2470 nec
314 2409 497 2489 temporum
523 2405 769 2489 perturbatione
793 2407 950 2469 mutatur!
982 2426 1045 2488 qua

71 2493 177 2559 raediti
195 2493 252 2577 qui
270 2497 355 2577 sunt,
374 2493 435 2558 soli
455 2496 530 2557 sunt
544 2493 674 2575 dirites3
711 2493 756 2556 oli
775 2493 860 2557 enim
878 2492 1045 2575 possident
1064 2509 1096 2559 52

71 2598 94 2642 ss
111 2585 143 2645 et
158 2581 342 2646 fructuosas
361 2585 394 2645 et
413 2514 778 2665 sempiternas1s0dque,
802 2580 889 2680 quod
906 2583 956 2644 est
973 2601 1045 2665 pro-

71 2666 145 2733 rium
169 2669 365 2753 divitiarum,
387 2669 531 2734 contenti
554 2672 629 2733 sunt
651 2668 747 2732 rebus
772 2667 951 2751 edissetis
975 2688 1045 2732 esse

102 2757 274 2841 m,a11tqu0d
297 2760 356 2840 est,
377 2757 461 2822 nihil
483 2757 648 2842 adpetunt,
670 2757 762 2822 nulla
780 2778 815 2821 re
834 2761 940 2844 egent,
962 2757 1046 2821 nihil

71 2758 105 2906 ihi
125 2845 234 2910 deesse
255 2807 408 2927 sentidnt,
431 2844 513 2909 nihil
520 2845 713 2996 trequirrmt3
736 2845 865 2931 inprobi
885 2850 941 2912 aut
943 2868 993 2911 em
1013 2850 1046 2911 et

71 2933 139 3015 rari,
161 2933 314 3017 quoniam
336 2897 476 2999 inodrtas
500 2937 598 3017 atque
620 2935 654 2998 iu
677 2956 754 2999 casu
776 2936 902 3020 positas
921 2956 1046 3022 posses·

71 3037 146 3084 ones
172 3021 295 3086 habent
321 3024 353 3086 et
381 3022 455 3106 plus
485 3042 611 3106 semper
643 3023 814 3107 adpetunt,
843 3046 903 3089 neo
935 3045 1046 3088 eorum

71 3105 209 3206 uisquam
228 3108 332 3174 adhuc
349 3109 499 3174 inventus
516 3113 575 3193 est,
594 3110 679 3193 quoi,
697 3110 783 3192 quod
796 3074 941 3192 liaberet,
960 3114 1046 3173 esset

71 3193 128 3279 rtis,
149 3218 216 3262 non
239 3196 334 3262 modo
358 3219 422 3263 non
446 3197 569 3282 copiosi
591 3217 629 3260 ac
653 3196 733 3259 divit
719 3201 778 3279 tes,
802 3196 914 3261 sedet
882 3197 980 3261 etium
999 3197 1046 3260 in·

71 3301 116 3364 pes
139 3307 176 3352 ao
199 3307 357 3371 pauperes
381 3283 587 3350 existimandi
610 3286 694 3347 sunt

436 3493 646 3507 ι--ι--ι
