2394 4126
188 257 252 321 199
482 255 634 310 rannus
653 253 702 308 nn
720 242 888 310 aureum

187 420 366 502 deantur3
397 417 491 482 illos
522 439 652 482 verum
681 438 794 501 saepe
822 416 962 500 dicere,
992 416 1056 502 hos
1080 434 1107 479 nr

187 506 318 590 quam?
346 505 454 589 Atque
473 505 555 568 illud
574 504 758 588 absurdum,
777 504 864 587 quod
886 503 919 588 ii,
939 503 993 588 qui
1012 523 1107 568 moner

187 617 259 659 eam
278 594 471 675 molestiam,
493 614 590 675 quam
610 593 728 656 debent
746 613 870 676 capere,
888 613 955 656 non
969 593 1107 676 capiunt<

186 684 328 768 capiunt,
351 703 415 764 qua
437 679 555 743 debent
578 701 707 764 vacare,
729 678 879 764 peccasse
900 680 984 743 enim
1005 703 1038 744 sc
1054 700 1106 744 nou

188 775 317 857 guntur,
345 767 511 852 obiurgari
538 769 676 832 moleste
702 766 825 851 ferunt,
854 769 940 851 quod
963 773 1106 832 contras

187 860 289 938 tebat,
312 856 429 920 delicto
449 854 567 939 dolere,
590 854 787 921 correctione
810 856 982 942 gaudere,

134 926 178 991 25
253 943 301 1008 Ut
322 942 425 1028 igitur
448 947 481 1007 et
504 966 634 1008 monere
653 947 687 1008 et
705 943 829 1008 moneri
847 945 1017 1029 proprium
1034 947 1106 1008 estr

154 1005 168 1051 ¹
188 1029 349 1098 amicitiae
369 1035 402 1094 et
421 1032 560 1095 alterum
578 1031 680 1095 libere
697 1030 813 1114 facere,
830 1053 897 1096 non
912 1053 1033 1117 aspere,
1055 1032 1107 1095 alte

185 1119 348 1204 patienter
369 1119 522 1203 accipere,
544 1141 611 1184 non
628 1123 857 1205 repugnanter,
879 1121 926 1185 sic
943 1120 1107 1184 habendun

185 1206 311 1271 nullam
334 1206 368 1271 in
391 1208 543 1272 amicitiis
566 1210 692 1292 pestem
720 1229 790 1271 esse
813 1209 971 1273 maiorem
999 1230 1090 1291 quam

185 1294 358 1378 lationem,
385 1295 594 1379 blanditiam,
626 1295 898 1380 adsentationem;
931 1297 1107 1380 quamvis«

146 1398 150 1403 ·
186 1383 299 1449 multis
330 1383 516 1447 nominibus
549 1388 599 1447 est
629 1383 692 1448 hoc
721 1384 838 1448 vitium
868 1385 1048 1449 notandum
1075 1385 1107 1447 lei

186 1471 354 1536 hominum
378 1475 475 1555 atque
501 1469 670 1536 fallacium
695 1471 736 1534 ad
764 1472 969 1538 voluntatem
996 1472 1107 1556 loquen‘

134 1577 168 1627 99
187 1560 305 1645 omnia,
323 1560 407 1624 nihil
426 1560 466 1624 ad
485 1560 665 1623 veritatem.
697 1557 780 1623 (lum
799 1563 908 1624 autem
927 1561 1069 1625 omnium
1085 1580 1107 1623 ιε

187 1649 353 1714 simulatio
376 1648 496 1714 vitiosa
519 1653 568 1711 est
596 1646 699 1732 (tollit
722 1647 808 1711 enim
830 1647 985 1713 iudicium
1007 1649 1073 1713 veri
1092 1647 1107 1710 ir

187 1735 374 1822 adulterat),
393 1741 464 1800 tum
483 1736 645 1801 amicitiae
659 1738 822 1821 repugnat
835 1736 989 1820 maxime,
1008 1737 1107 1801 delet<

186 1824 372 1907 veritatem,
404 1825 472 1887 sine
496 1845 560 1907 qua
581 1844 700 1888 nomen
723 1823 884 1888 amicitiae
907 1825 1016 1889 valere
1038 1846 1098 1889 uon

187 1915 245 1976 est.
286 1909 469 1977 Nemeum
493 1911 655 1976 amicitiae
677 1911 727 1976 vis
751 1912 795 1976 sit
817 1912 852 1975 in
875 1934 922 1995 eo,
945 1918 983 1976 ut
1000 1933 1107 1994 unusr

188 2001 314 2064 animus
337 2000 396 2063 fiat
420 2021 458 2063 ex
481 1999 639 2084 pluribus,
663 1999 718 2083 qui
740 1999 774 2064 id
796 2000 867 2063 fieri
889 2001 1025 2085 poterit,
1048 2001 1074 2065 si
1093 2021 1107 2062 r

187 2110 251 2152 uno
272 2088 400 2171 quidem
419 2109 546 2171 quoque
565 2109 647 2150 unus
667 2087 793 2151 animus
813 2087 876 2151 erit
894 2088 1042 2173 idemque
1060 2111 1107 2152 seu

134 2191 168 2238 93
188 2176 245 2238 sed
259 2175 378 2257 varius,
397 2175 648 2256 commutabilis,
666 2175 861 2257 multiplex?
885 2174 969 2251 Quid
983 2178 1067 2242 enim
1083 2199 1107 2260 p«

187 2283 257 2325 esse
280 2264 349 2325 tam
373 2261 523 2344 flexibile,
545 2265 614 2325 tam
634 2262 762 2325 devium
781 2284 879 2345 quam
898 2265 1026 2330 animus
1045 2266 1107 2340 eius,

187 2349 227 2415 ad
260 2349 395 2414 alterius
427 2370 494 2413 non
525 2349 622 2414 modo
655 2371 784 2414 sensum
817 2373 855 2415 ac
886 2352 1097 2435 voluntatem,

186 2438 285 2504 etiam
309 2437 437 2503 vultum
461 2441 558 2522 atque
581 2442 697 2503 nutum
721 2440 941 2504 convertitur?

230 2527 358 2615 Negat
373 2527 472 2612 quis,
486 2549 598 2615 nego,
617 2529 684 2612 ait,
703 2529 777 2612 ai03
795 2531 993 2612 postremo
1007 2527 1107 2612 impe

792 2618 944 2700 egome‘t
967 2617 1061 2681 mihi

232 2688 369 2766 Omnia
392 2704 604 2780 adsentari,

188 2792 224 2851 ut
248 2790 295 2851 ait
318 2788 403 2853 idem
427 2789 607 2868 Terentius,
631 2788 687 2850 sed
709 2787 766 2851 ille
789 2789 824 2852 in
845 2789 1029 2856 Gnathonis
1047 2810 1107 2876 perr

134 2891 168 2940 94
189 2875 274 2961 quod
292 2875 388 2939 amici
408 2895 508 2960 genus
529 2874 681 2938 adhibere
700 2875 830 2941 omnino
845 2879 990 2945 levitatis
1010 2883 1067 2943 est.
1094 2877 1107 2940 l

187 2966 296 3026 autem
311 2961 521 3026 Gnathonum
535 2960 658 3024 similes
673 2983 746 3026 cum
761 2964 827 3028 sint
842 2967 924 3051 loco,
946 2968 1086 3050 fortuna,
1102 2974 1107 3028 l

188 3051 378 3135 superiores,
400 3049 518 3113 horum
541 3050 591 3111 est
614 3047 796 3117 adsentatio
816 3054 964 3137 molesta,
988 3052 1107 3121 cinna<¹

135 3155 168 3205 95
186 3140 325 3205 nitatem
353 3136 488 3204 accessit
520 3135 706 3200 auctoritas.
751 3136 880 3205 secerni
912 3148 1022 3207 autem
1054 3143 1108 3207 bla

188 3229 310 3294 amicus
334 3251 353 3294 a
375 3247 451 3292 vero
476 3226 508 3287 et
531 3222 707 3289 internosci
729 3231 798 3291 tam
821 3234 932 3313 potest
955 3231 1100 3296 adhibita

188 3317 300 3403 gentia
323 3336 420 3400 quarn
439 3311 547 3376 omnia
560 3311 671 3377 fucata
689 3318 723 3391 et
741 3316 895 3381 simulata
909 3341 929 3383 a
943 3319 1076 3384 sinceris
1095 3341 1107 3382 a

187 3405 280 3469 veris.
326 3401 452 3484 (lontio,
476 3421 557 3484 quae
581 3423 619 3465 ex
641 3402 894 3486 imperitissimis
918 3411 1060 3490 constat,
1083 3412 1107 3470 tr

187 3492 328 3558 iudicare
352 3490 450 3573 solet,
479 3488 555 3573 quid
582 3489 711 3554 intersit
741 3492 826 3556 inter
853 3494 1058 3578 popularem,
1086 3495 1107 3558 ir

188 3579 437 3643 adsentatorem·
461 3581 493 3641 et
520 3577 624 3643 levem
654 3579 770 3666 civem,
788 3581 835 3646 ¹et
865 3583 950 3646 inter
981 3589 1107 3648 constat
