2394 4126
138 128 202 193 184
437 123 589 179 namrus
607 122 656 177 oa
675 121 840 191 Amorne

136 288 233 354 amici
256 291 432 372 anteponat
457 284 536 351 suo?
573 283 677 359 Quid?
700 284 780 349 haee
802 286 840 348 ut
863 283 1056 367 omittamq
1096 292 1099 297 '
1139 300 1169 362 '31

137 398 262 463 graves,
285 398 382 460 quam
401 373 547 437 difficiles
566 373 728 456 plerisque
751 371 903 436 ridentur
921 371 1061 437 calamita
1100 376 1103 383 '
1148 410 1169 451 ς,

137 465 321 530 societates!
346 464 386 529 ad
409 482 488 544 quas
512 481 577 524 non
600 464 650 524 est
672 459 768 524 facile
790 460 925 526 inventu
944 459 1034 544 quid
1144 496 1164 539 a,

137 553 224 618 dant.
270 550 471 632 Quamquam
493 547 617 612 Ennius
641 551 740 613 recte:

181 637 336 705 Amicus
360 640 490 701 certus
513 633 613 700 inre
636 635 787 700 incerta
808 635 996 720 cernitur,
1107 644 1111 651 '

136 732 246 792 tamen
267 727 347 790 haee
366 725 428 787 duo
448 723 590 788 levitatis
610 728 643 788 et
661 723 861 787 infirmitatis
880 724 1048 808 plerosque
1152 761 1168 803 ι

136 816 277 896 vincunt,
295 815 352 876 aut
370 811 398 875 si
416 812 558 876 inbonis
576 812 672 875 rebus
692 814 904 877 contemnunt
922 816 979 876 aut
997 812 1031 876 in
1095 807 1101 821 ”
1155 834 1168 890 '.

86 903 295 969 lssdeserunt.
341 897 409 974 Qui
424 900 526 985 igitur
547 903 685 982 utraque
708 899 743 963 in
764 920 800 963 re
823 919 970 985 gravam,
992 903 1115 965 constan·
1154 915 1156 923 '

136 994 215 1070 tem,
248 987 399 1052 stabilem
431 1009 465 1052 se
497 987 531 1051 in
564 987 707 1051 amicitia
738 987 956 1071 praestiterit,
986 987 1067 1053 hunc
1089 1002 1116 1050 as

135 1075 274 1140 maxime
301 1098 375 1140 raro
409 1096 524 1160 genere
550 1075 717 1139 hominum
750 1076 891 1141 iudicare
924 1075 1071 1141 debemus
1116 1142 1120 1147 ,

7 1311 8 1317 ,
83 1162 471 1316 (Ῑὲ)Ρὸθῖ“θὶτέἔὲἓῇῒωη
486 1253 594 1315 autem
604 1250 796 1316 stabilitatis
813 1248 1120 1337 constantiaequest

93 1309 218 1425 65eius,
251 1362 349 1424 quam
379 1340 413 1403 in
446 1338 589 1403 amicitia
624 1341 821 1423 quaerimus,
852 1340 947 1424 fides,
977 1339 1060 1406 nihil
1084 1338 1121 1403 st

135 1429 221 1493 enim
243 1428 371 1511 stabile,
395 1427 480 1510 quod
502 1427 637 1490 infidum
660 1432 720 1491 est,
764 1425 952 1512 Simplioem
974 1431 1122 1513 praetera

135 1520 168 1582 et
186 1539 388 1583 communem
407 1520 440 1580 et
458 1515 720 1599 consentientem,
738 1515 772 1579 id
790 1519 840 1579 ast
855 1516 911 1599 qui
924 1516 1021 1581 rebus
1038 1514 1122 1580 isdem

134 1609 313 1689 moveatur,
336 1604 414 1689 eligi
435 1626 496 1688 per
514 1607 573 1685 est,
597 1625 678 1686 quae
696 1603 806 1668 omnia
824 1604 989 1687 pertinent
1008 1603 1048 1669 ad
1064 1601 1134 1668 fide.

134 1692 276 1777 litatem;
305 1713 409 1775 neque
437 1691 522 1755 enim
548 1689 648 1754 fidum
675 1695 785 1775 potest
808 1712 878 1756 esse
901 1691 1071 1778 multiplci
1088 1690 1122 1755 in

135 1779 265 1865 genium
284 1781 318 1843 ct
335 1782 528 1862 tortuosum,
545 1799 649 1862 neque
667 1800 753 1862 vero,
773 1779 828 1862 qui
841 1798 908 1844 non
923 1779 1026 1847 isdem
1043 1778 1122 1844 rebus

134 1870 283 1932 movetur
308 1870 490 1950 naturaque
518 1867 692 1950 consentit,
724 1871 781 1931 aut
811 1867 894 1932 fidus
922 1871 980 1933 aut
1012 1864 1122 1933 stabilis

133 1958 244 2040 potest
267 1976 345 2020 esse.
391 1953 582 2019 Addendum
606 1955 717 2018 eodem
741 1958 804 2037 est,
827 1959 927 2020 utne
950 1955 1149 2021 criminian

135 2047 192 2107 aut
214 2041 389 2107 inferendis
413 2042 589 2106 delectetur
612 2046 669 2105 aut
687 2042 796 2106 credat
815 2043 946 2128 oblatis,
970 2065 1051 2128 quae
1068 2061 1123 2129 per

133 2129 240 2193 tinent
262 2129 371 2193 omnia
395 2129 543 2211 adeam,
570 2149 667 2211 quam
689 2129 755 2192 iam
779 2129 899 2195 dudum
921 2135 1042 2216 tracto,
1067 2149 1124 2196 oon

134 2215 299 2281 stantiam.
344 2214 396 2279 Ita
417 2216 455 2279 fit
478 2237 590 2280 verum
613 2215 709 2301 illud,
732 2217 818 2301 quod
840 2217 934 2285 initio
959 2220 1038 2304 dixi,
1059 2214 1124 2284 ani-
1160 2290 1163 2307 Ι

133 2304 245 2371 citiam
276 2302 340 2370 nisi
369 2305 455 2369 inter
486 2303 590 2370 bonos
623 2327 693 2370 esse
723 2327 790 2370 non
816 2327 921 2390 posse.
965 2306 1028 2374 Est
1054 2305 1126 2372 enim
1159 2322 1163 2371 :

133 2393 212 2458 boni
234 2393 310 2480 viri,
338 2415 433 2478 quem
456 2393 591 2459 eundem
615 2395 794 2479 sapientem
816 2394 894 2459 licet
916 2394 1034 2480 dicere,
1060 2390 1162 2459 baert

134 2482 197 2547 duo
223 2486 333 2548 tenere
361 2483 395 2546 in
427 2482 582 2548 amicitia:
614 2484 754 2567 primum
785 2504 825 2547 ne
853 2481 931 2567 quid
957 2483 1069 2549 fictum
1093 2479 1128 2546 sit
1160 2476 1162 2515 ²

133 2590 213 2632 neve
233 2571 434 2653 simulatum3
456 2572 567 2654 aperte
585 2571 670 2632 enim
689 2570 741 2634 vel
760 2571 866 2635 odisse
884 2571 991 2657 magis
1008 2564 1129 2657 ingenui

134 2659 184 2717 est
216 2675 313 2737 quam
345 2655 453 2720 fronte
489 2655 649 2720 occultare
687 2658 896 2743 sententiam,
932 2659 1045 2725 deinde
1073 2675 1129 2724 non

133 2740 240 2804 solum
263 2741 439 2824 abaliquo
467 2741 586 2804 allatas
614 2740 855 2811 criminationes
882 2748 1053 2833 repellere,
1082 2742 1130 2811 sed

131 2848 173 2891 ne
205 2827 314 2911 ipsum
346 2828 474 2912 quidem
507 2846 576 2890 esse
609 2829 821 2914 suspiciosum
855 2854 982 2919 semper
1018 2829 1161 2919 aliquid*

81 2929 114 2979 aa
134 2913 374 2979 existimantem
402 2913 442 2978 ab
471 2913 574 2978 amico
603 2936 673 2981 esse
699 2918 867 2986 violatum.
913 2920 1055 2988 Accedat
1077 2923 1132 2988 huc

133 3002 277 3068 suavitas
311 3002 469 3088 quaedam
501 3005 631 3086 oportet
663 3027 848 3073 sermonum
876 3013 973 3094 atque
1003 3031 1133 3091 morum,

132 3091 382 3177 haudquaquam
404 3088 564 3154 mediocre
591 3094 833 3162 condimentum
860 3098 1030 3165 amicitiae.
1071 3096 1135 3164 Tri·

132 3180 225 3246 stitia
252 3186 361 3245 autem
388 3182 421 3243 et
447 3178 483 3242 in
510 3179 598 3244 omni
624 3203 660 3246 re
686 3183 841 3249 severitas
864 3185 965 3251 habet
987 3187 1046 3252 illa
1070 3184 1135 3272 qui-

133 3267 205 3333 dem
229 3268 438 3354 gravitatem,
461 3267 518 3332 sed
540 3268 683 3335 amicitia
705 3272 872 3339 remissior
894 3295 964 3339 csse
988 3275 1084 3339 debet
1105 3275 1160 3338 et³

131 3355 266 3421 liberior
280 3359 313 3420 et
327 3355 451 3420 dulcior
469 3358 503 3422 et
521 3356 562 3420 ad
581 3379 708 3424 omnem
727 3361 914 3427 comitatem
931 3360 1138 3428 facilitatem·

133 3463 194 3526 que
216 3443 402 3528 proclivior.
