2394 4126
377 104 453 162 222.
472 111 516 174 22,
534 111 577 161 22.
613 111 762 172 222-22.
1000 106 1061 170 161

55 264 231 333 convenire
253 286 341 350 2222,
364 287 445 350 quos
466 267 537 351 ipse
560 266 706 353 cognovi,
730 265 787 330 221
805 265 880 329 11122
898 267 1005 349 etiam,
1024 267 1063 331 12

57 350 177 439 quibus
200 352 309 419 2221222
331 356 364 417 ct
386 354 453 438 legi
475 353 540 418 et
531 376 600 439 1pse
623 353 809 438 conscripsi.
846 351 916 428 Quo
935 354 1064 436 quidem

10 448 113 517 mc
134 441 392 527 proficiscentem
413 440 501 507 haud
519 463 596 506 sanc
616 442 687 527 quis
705 442 801 508 facilc
819 441 991 506 retraxerit
1005 463 1064 507 nec

57 533 228 613 tamquam
249 528 374 594 Peliam
396 531 563 594 recoxerit.
595 529 688 595 Et
662 552 691 594 22
714 530 786 613 quis
805 530 883 594 deus
901 528 983 592 mihi
1001 529 1063 593 lar-

10 614 44 683 '⁸
58 617 185 719 giratur,
206 621 244 683 ut
266 639 306 682 22
326 617 464 682 12222
412 640 448 682 22
449 621 518 682 tate
541 639 763 701 repuerascam
786 618 850 682 22
841 640 876 681 1n
898 617 989 683 cunis
1012 639 1065 682 22

57 704 163 806 giam,
194 703 315 770 22112Ι
316 726 459 770 recusem
487 726 547 769 nec
572 726 648 770 2222
675 706 774 771 velim
806 706 899 789 quasi
931 705 1064 770 decurso

10 792 167 895 .spatio
191 793 232 856 ad
250 814 393 858 carceres
413 815 433 856 a
451 793 538 858 22122
556 793 709 859 revocari.
754 791 837 868 Quid
855 794 956 858 habet
979 792 1064 857 enim
1083 799 1117 849 84

10 880 131 971 „via
154 880 336 946 commodi?
366 880 442 963 quid
464 902 530 944 non
551 884 610 966 pot
611 881 660 945 ius
683 881 828 946 laboris?
860 880 922 946 Sed
944 881 1064 946 habeat

10 978 151 1052 sanc,
182 967 283 1033 hahet
306 971 392 1032 22222
418 971 529 1032 tamen
552 972 609 1033 aut
638 969 735 1034 satiet
737 972 823 1033 atem
847 973 903 1034 aut
925 970 1064 1036 modum

10 1054 137 1159 2211222
158 1056 250 1120 lubet
236 1056 359 1143 tlenim
382 1056 462 1120 mihi
485 1057 702 1143 deplorare
671 1061 720 1122 222
721 1079 783 1140 am,
806 1056 892 1140 quod
909 1059 1064 1140 multi,t
1032 1062 1064 1122 22

58 1144 86 1209 12
112 1144 211 1228 122222,
243 1165 339 1229 saepe
365 1143 524 1229 fecerunt,
554 1167 659 1229 neque
685 1167 737 1210 mc
764 1144 883 1209 vixisse
906 1108 1064 1245 paenitet,

59 1232 214 1333 quoniam
236 1232 284 1296 ita
304 1232 378 1315 vixi,
400 1236 438 1296 ut
456 1254 523 1297 non
535 1231 620 1297 frast
605 1235 659 1297 222
673 1255 724 1297 ma
737 1236 852 1297 natum
866 1232 1065 1317 existumem,

10 1372 16 1393 ,
10 1323 96 1385 22
118 1341 157 1385 ex
179 1319 249 1385 2222
270 1319 320 1384 122
342 1283 468 1386 discedo
487 1325 655 1403 tamquam
674 1342 713 1384 22
730 1320 884 1403 hospitio,
905 1341 972 1384 non
985 1324 1066 1383 tam-

10 1408 16 1431 ''
58 1429 158 1492 quam
182 1429 199 1472 2
222 1407 327 1471 domo.
357 1405 587 1472 Commorandi
604 1408 690 1470 enim
709 1410 827 1469 natura
846 1406 1067 1471 devorsorium

10 1496 165 1579 anobis,
187 1517 255 1559 non
276 1492 447 1557 habitandi
470 1492 566 1558 dedit.
602 1492 629 1557 0
652 1493 855 1576 praeclarum
879 1492 972 1575 diem,
995 1514 1066 1557 cum

59 1585 96 1648 in
118 1583 202 1647 illud
225 1581 372 1646 divinum
394 1580 576 1644 anim01um
599 1579 771 1644 concilium
789 1581 978 1662 coetumque
996 1602 1068 1664 pro-

58 1671 189 1737 ficiscar
213 1689 349 1751 cumque
372 1689 411 1731 ex
433 1666 495 1730 hac
517 1668 613 1732 turba
631 1670 664 1730 et
685 1665 874 1730 conluvione
892 1666 1066 1732 discedam!

57 1756 255 1824 Proficiscar
282 1755 368 1818 enim
389 1775 455 1817 non
478 1753 518 1818 ad
541 1776 595 1819 eos
624 1754 731 1818 solum
757 1754 858 1839 viros,
885 1755 923 1819 de
951 1755 1067 1839 quibus

10 1892 17 1913 .-
59 1849 140 1911 ante
165 1841 239 1923 dixi,
261 1862 373 1906 verum
396 1841 495 1906 etiam
516 1841 556 1906 ad
574 1841 732 1909 Catonem
750 1863 866 1925 meum,
890 1864 952 1927 quo
970 1865 1066 1908 nemo

10 1932 45 2001 *hc
60 1933 115 1997 vir
133 1928 249 1994 melior
270 1933 445 2014 natusest,
466 1951 561 1995 nemo
578 1931 702 2017 pietate
723 1930 956 2016 praestantium
978 1931 1066 1997 cuius

10 2086 12 2091 ,
61 2039 159 2086 ame
187 2038 303 2101 corpus
331 2021 380 2082 est
407 2021 599 2105 crematum,
631 2018 717 2105 quod
739 2022 852 2085 contra
874 2019 993 2104 decuit,
1025 2021 1068 2086 ab

60 2108 120 2173 illo
154 2127 275 2189 meum,
307 2106 432 2171 animus
463 2128 540 2173 vero
567 2129 633 2173 non
662 2130 714 2171 me
742 2108 904 2192 deserens,
937 2109 993 2173 sed
1020 2130 1067 2174 22

10 2256 13 2261 .
63 2198 214 2281 spectans
236 2193 271 2258 in
294 2215 332 2258 22
353 2193 499 2279 profecto
522 2196 593 2260 loca
617 2196 780 2280 discessit,
808 2218 872 2280 quo
895 2197 976 2261 mihi
1002 2197 1068 2280 ipsi

10 2294 17 2363 ξ
56 2282 217 2350 cernebat
245 2303 314 2346 2222
342 2281 542 2346 veniendum
587 2281 689 2358 Quem
724 2304 784 2368 ego
817 2306 924 2348 meum
956 2305 1067 2347 casum

10 2371 157 2459 22,122222
159 2391 194 2434 22
142 2368 349 2435 122222
318 2390 408 2434 maus
427 2391 508 2453 sum,
529 2391 595 2433 non
609 2390 672 2452 quo
692 2391 794 2452 aequo
814 2372 921 2434 animo
940 2369 1069 2453 ferrem,

10 2452 13 2529 ἶ
63 2459 119 2525 221
142 2479 196 2522 me
217 2457 287 2542 ipsc
310 2456 503 2522 consolabar
533 2457 731 2521 existumans
758 2478 825 2522 non
853 2457 1068 2541 longinquum

10 2548 148 2613 'inter
184 2566 245 2610 nos
285 2544 466 2630 digressum
500 2548 533 2609 et
565 2545 740 2610 discessum
771 2544 849 2611 1222.
893 2545 955 2610 Η22
987 2547 1068 2612 mihi
1086 2564 1120 2614 85

10 2670 15 2675 ·
62 2637 170 2718 rebus,
193 2631 309 2718 Scipio,
319 2597 380 2718 (id
402 2633 488 2698 enim
510 2637 544 2698 22
565 2655 637 2698 cum
655 2632 766 2698 Laelio
790 2634 944 2701 admirari
962 2636 1067 2702 solere

10 2720 190 2808 dixisti)
212 2721 294 2786 levis
317 2725 368 2785 cst
387 2725 543 2807 senectus,
561 2744 620 2789 nec
638 2723 744 2788 solum
761 2745 827 2790 non
846 2725 984 2790 molesta
983 2721 1065 2810 ,221

28 2813 164 2878 aetiam
187 2808 334 2874 iucunda
370 2807 527 2884 Quodsi
518 2833 552 2875 m
578 2811 640 2877 hoc
667 2834 753 2896 2222,
781 2814 836 2898 qui
859 2814 984 2878 animos
1011 2814 1068 2878 ho·

62 2900 189 2965 minum
220 2897 409 2963 inmortales
446 2920 515 2962 esse
551 2900 692 2985 credam,
728 2863 868 2966 libenter
905 2921 977 2964 erro
1008 2922 1067 2964 nec

62 2987 145 3053 mihi
166 2985 254 3051 hunc
272 3007 421 3070 errorem,
440 3008 503 3071 quo
522 2987 625 3054 dclect
610 2993 672 3071 tor,
691 2988 811 3052 dum
780 3010 865 3067 2222,
884 2990 1069 3066 extorqueri

61 3076 154 3158 volo3
178 3073 229 3139 sin
252 3077 413 3160 mortuus,
436 3080 473 3139 ut
496 3076 626 3159 quidam
648 3074 766 3137 minuti
788 3070 976 3154 philosophi
999 3092 1069 3133 cen·

62 3166 147 3248 sent,
168 3161 252 3228 nihil
276 3163 422 3248 sentiam,
439 3185 504 3228 non
518 3182 640 3243 vereor,
653 3181 694 3222 ne
707 3159 793 3220 hunc
807 3176 948 3220 errorem
962 3176 1069 3219 meum

20 3278 49 3321 22
62 3249 255 3339 philosophi
282 3252 403 3317 mortui
433 3250 598 3315 irrideant
644 3243 766 3319 Quodsi
787 3264 854 3308 non
881 3261 991 3306 sumus
1023 3241 1070 3305 in·

61 3339 221 3406 mortales
244 3337 358 3422 futuri,
385 3343 496 3403 tamen
523 3332 669 3417 extingui
690 3330 815 3396 homini
838 3349 895 3392 suo
923 3330 1069 3429 temporo

60 3427 213 3514 optabile
245 3431 303 3493 est.
280 3424 435 3492 tNam
457 3424 557 3486 habet
574 3424 692 3484 natura
709 3422 746 3483 ut
769 3417 906 3482 aliarum
924 3415 1069 3481 omnium

117 3540 172 3581 010.
186 3540 228 3580 1v.
241 3539 261 3581 8
826 3523 858 3571 ll
