2394 4126
253 191 327 250 cAP.
349 200 390 261 ιι,
412 198 453 248 14.
491 199 637 259 §is-51.
888 195 951 260 179

103 375 176 418 eam
204 343 416 440 suscipiamus
445 355 634 420 molestias?
681 354 765 431 Quid
792 357 878 422 enim
904 358 951 422 iu·

81 446 160 507 notu
183 443 281 507 animi
304 444 436 509 sublato
457 464 524 509 non
547 443 617 510 dico
639 444 727 508 inter
744 445 898 528 pecudem
917 448 951 510 et

81 554 121 608 n,
150 531 205 596 sed
231 531 316 596 inter
337 531 504 596 hominem
528 537 561 596 et
583 536 734 597 truncum
757 536 814 597 aut
836 553 952 597 sexum

81 619 150 720 dvis
166 620 301 722 generis
322 618 490 684 eiusdem?
534 618 648 704 Neque
677 620 762 721 euim
790 625 867 684 sunt
894 620 952 684 isti

81 706 951 880 1:vllhhllslqtlllathlllllh‘ltll

93 883 237 949 amicitia
259 887 371 949 tenera
393 887 491 967 atque
514 884 712 968 tractabilis,
741 888 778 950 ut
801 883 950 950 ethonis

81 972 165 1055 quasi
197 971 394 1036 diffundatur
426 974 459 1036 et
491 971 703 1037 incommodis
731 973 951 1038 contrahatur.

81 1061 112 1124 ›b
135 1081 204 1123 rem
223 1081 326 1145 angor
343 1060 416 1142 iste,
439 1059 493 1143 qui
511 1081 572 1144 pro
591 1060 694 1126 amico
713 1081 808 1145 saepe
826 1061 952 1145 capien-

81 1197 86 1225 ,
108 1169 174 1212 non
196 1151 326 1214 tentum
348 1148 447 1231 valet,
468 1151 506 1211 ut
525 1149 624 1213 tollat
643 1171 660 1212 e
678 1148 747 1214 rita
766 1149 951 1232 amicitiam,

81 1258 105 1299 rs
130 1258 227 1319 quam
249 1239 288 1300 ut
309 1235 461 1320 virtutes,
484 1235 560 1319 quia
581 1258 648 1302 uon
669 1237 778 1302 nullas
801 1259 895 1303 curas
918 1241 951 1302 et

81 1345 111 1387 as
135 1324 300 1408 adferunt,
322 1323 539 1407 repudientur.

80 1435 92 1476 1
121 1416 229 1477 autem
256 1412 429 1478 contrahat
457 1412 647 1497 amicitiam,
678 1416 716 1477 ut
747 1434 845 1498 supra
877 1412 952 1496 dixi,
963 1411 1002 1475 14

83 1499 278 1585 significatio
297 1499 429 1566 virtutis
448 1501 582 1584 eluceat,
605 1501 647 1565 ad
666 1521 763 1584 quam
782 1522 815 1565 se
835 1499 951 1564 similis

95 1588 236 1673 adplicet
263 1591 296 1653 et
323 1588 493 1673 adiungat,
519 1588 554 1651 id
580 1610 653 1653 cum
681 1586 832 1672 contigit,
860 1607 952 1651 amor

81 1698 108 1740 rr
125 1697 256 1742 neeesse
274 1679 333 1741 est.
369 1674 454 1752 Quid
472 1675 558 1740 euim
576 1679 645 1740 tam
665 1675 840 1739 absurdum
854 1695 951 1758 quam
970 1689 1003 1738 49

81 1764 99 1827 ri
120 1764 234 1829 multis
256 1764 408 1830 inanimis
431 1765 540 1846 rebus,
563 1766 601 1828 ut
623 1762 755 1847 honore,
777 1766 815 1828 ut
837 1762 952 1850 gloria,

81 1852 168 1934 ficio,
199 1856 235 1916 ut
266 1853 388 1917 vestitu
416 1854 569 1937 cultuque
597 1851 755 1935 eorporis,
788 1852 952 1917 animante

91 1939 249 2024 praedito,
272 1962 309 2005 eo
335 1940 390 2024 qui
412 1941 465 2004 vel
488 1962 597 2005 amare
619 1939 686 2023 vel,
708 1942 746 2003 ut
768 1940 816 2004 ita
838 1941 953 2023 dicam,

81 2028 252 2112 reposuit,
280 2050 348 2093 non
370 2027 543 2092 admodum
567 2027 742 2092 delectari?
786 2026 878 2091 Nihil
902 2030 953 2094 est

81 2117 312 2182 muneratione
338 2116 591 2202 benivolentiae,
620 2115 703 2180 nihil
731 2115 952 2181 vicissitudine

81 2223 126 2266 un
140 2201 382 2288 officiorumque
396 2205 572 2270 iucundius.
604 2203 696 2289 Quid,
715 2204 743 2269 si
752 2204 839 2272 illud
853 2205 952 2271 etiam
971 2220 1004 2270 50

81 2312 106 2370 s,
130 2291 215 2375 quod
236 2296 323 2357 recte
346 2292 420 2357 addi
441 2297 564 2378 potest,
591 2294 683 2359 nihil.
697 2315 780 2379 esse,
803 2294 889 2380 quod
912 2295 952 2360 ad

93 2379 196 2443 ullam
218 2383 287 2445 tam
311 2381 435 2446 alliciet
457 2385 490 2445 et
513 2383 660 2447 attrahat
686 2404 784 2464 quam
811 2383 852 2446 ad
875 2382 952 2446 ami-

81 2467 281 2532 similitudo?
304 2468 495 2534 concedetur
513 2469 661 2553 profecto
678 2489 791 2532 verum
814 2489 893 2550 esse,
915 2471 954 2530 ut
1024 2482 1032 2554 ζ

81 2555 155 2620 boui
182 2555 321 2640 diligant
344 2556 589 2639 adsciscautque
612 2554 674 2618 sibi
698 2555 791 2638 quasi
819 2554 953 2639 propin·
1029 2577 1032 2641 3

93 2643 282 2709 coniunctos
306 2647 403 2728 atque
425 2648 552 2709 natura.
597 2641 689 2707 Nihil
717 2645 767 2706 est
791 2643 876 2707 enim
899 2664 953 2727 ap·
1014 2645 1032 2690 -’

81 2752 107 2794 ιι
123 2731 279 2796 similium
293 2733 343 2796 sui
355 2755 415 2817 uec
428 2733 577 2819 rapacius
593 2754 690 2816 quam
698 2734 825 2798 natura.
849 2729 952 2807 Quam

81 2875 83 2882 ,
110 2818 173 2885 hoc
200 2819 343 2904 quidem,
368 2819 473 2885 Fanni
496 2825 529 2887 et
552 2819 719 2906 Scaevola,
746 2824 887 2905 constet,
913 2825 954 2884 ut

86 2907 181 2971 honis
199 2908 285 2972 inter
302 2908 406 2974 honos
425 2910 518 2993 quasi
535 2911 750 2976 necessariam
769 2910 954 2976 benivolen-

80 2995 114 3059 ui
137 2999 187 3059 est
206 2995 368 3061 amicitiae
385 2996 459 3061 fons
479 3003 634 3064 enatura
652 2999 858 3064 constitutus.
890 2996 954 3061 Sed

81 3084 209 3147 bonitas
233 3084 332 3148 etiam
356 3085 397 3149 ad
419 3086 660 3151 multitudinem
682 3087 833 3170 pertinet.
877 3083 953 3148 Non

80 3172 283 3236 tinhumana
297 3174 400 3237 virtus
414 3196 517 3258 neque
530 3173 672 3237 inmunis
686 3192 790 3254 neque
804 3170 953 3252 superba,

81 3259 145 3324 iam
163 3260 301 3344 populos
319 3262 487 3326 universos
506 3259 590 3324 tueri
609 3258 718 3340 eisque
735 3260 867 3342 optume
881 3275 953 3319 cou-

81 3348 192 3431 soleat3
215 3349 301 3431 quod
317 3371 384 3414 uon
405 3349 527 3413 faceret
549 3344 704 3430 profecto,
727 3345 756 3409 si
779 3342 952 3410 ecaritate

81 3437 258 3500 bhorreret.
294 3437 403 3521 Atque
427 3436 526 3500 etiam
549 3433 631 3498 mihi
649 3432 777 3517 quidem
796 3430 953 3514 videntur,
971 3445 1003 3494 61

81 3525 204 3589 ilatum
228 3546 325 3591 causa
342 3526 471 3610 fingunt
489 3522 658 3606 amicitias,
681 3517 952 3587 amabilissimum
1088 3520 1097 3529 '

740 3623 793 3681 12*
