2394 4126
167 252 230 318 144
403 250 496 307 OATO
513 250 632 307 MAIOR
649 251 699 306 DE
718 251 929 307 SENEOTUTE

165 418 202 480 ut
223 413 409 480 reficiantur
431 413 526 495 vires,
548 434 615 477 non
637 412 870 497 opprimantur.
911 411 980 477 Nec
1003 434 1083 478 vero
1107 436 1165 480 cor

164 500 1045 675 tt5⁰tttf²tttltttttttttttlt?
1058 502 1166 655 tlt

404 637 412 672 l
756 638 765 671 l

165 680 272 744 oleum
298 677 452 760 instillas,
485 676 717 761 extinguuntur
745 680 917 742 senectute.
961 677 1007 741 Et
1035 699 1167 763 corpora

165 767 293 851 quidem
304 763 569 830 exercitationum
579 764 809 850 defatigatione
818 765 1060 850 ingravescunt,
1076 765 1167 832 animi
1186 819 1187 824 ,

165 857 274 920 autem
303 852 477 917 exercendo
509 851 667 918 levantur.
712 851 799 918 Nam
831 875 911 937 quos
942 853 989 917 ait
1014 852 1167 920 Caecilius

130 976 133 981 ·
165 941 347 1007 ‘comicos
375 941 520 1006 stultos
549 941 685 1025 senes',
717 942 777 1006 hos
814 941 978 1027 significat
1014 943 1167 1026 credulos,

165 1028 355 1111 obliviosos,
379 1029 567 1114 dissolutos,
591 1052 673 1114 quae
696 1028 777 1095 vitia
799 1033 876 1094 sunt
897 1051 964 1094 non
986 1031 1166 1114 senectutis,

165 1117 221 1181 sed
239 1116 362 1199 inertis,
380 1117 526 1201 ignavae,
546 1118 782 1183 somniculosae
801 1117 984 1183 senectutis.
1017 1117 1068 1184 Ut
1085 1123 1166 1204 petu-

165 1204 277 1287 lantia,
295 1209 332 1269 ut
350 1204 451 1270 libido
470 1206 575 1292 magis
595 1209 645 1271 est
664 1206 916 1272 adulescentium
935 1228 1036 1289 quam
1051 1229 1166 1290 senum,
1185 1251 1187 1260 ι

163 1314 223 1358 neo
244 1297 355 1358 tamen
377 1293 522 1358 omnium
542 1294 804 1377 adulescentium,
827 1293 967 1359 sednon
984 1295 1166 1378 proborum,

164 1381 211 1446 sic
228 1380 294 1446 ista
311 1381 422 1446 senilis
446 1382 597 1466 stultitia,
621 1403 703 1466 qnae
726 1381 875 1447 deliratio
894 1382 1058 1465 appellari
1081 1384 1166 1466 solet,

111 1485 144 1534 er
164 1485 276 1535 senum
304 1468 425 1534 levium
453 1473 516 1554 est,
542 1492 609 1536 non
635 1470 788 1535 omnium.
833 1467 996 1545 Quattuor
1018 1470 1165 1537 robustos

163 1557 260 1641 filios,
282 1557 427 1642 quinque
445 1558 540 1642 filiae,
563 1562 691 1624 tantam
708 1558 849 1642 domum,
871 1560 982 1622 tantas
1002 1558 1165 1625 clientelas

163 1645 291 1731 Appius
305 1647 441 1731 regebat
458 1650 491 1711 et
509 1668 622 1712 caecus
640 1650 674 1711 et
692 1667 802 1728 senex;
819 1644 982 1710 intentum
1001 1647 1089 1713 enim
1107 1646 1166 1713 eni

163 1756 253 1801 mum
280 1737 448 1818 tamquam
475 1756 586 1800 areum
612 1735 756 1799 habebat
782 1755 842 1798 nec
866 1733 1082 1819 languescens
1104 1756 1166 1801 sue

163 1822 336 1887 cumbebet
359 1823 531 1906 senectuti3
557 1824 690 1888 tenebat
715 1843 782 1887 non
808 1821 905 1886 modo
933 1823 1165 1904 auctoritatem,

163 1909 342 1975 sedetiam
363 1910 535 1995 imperium
561 1911 596 1975 in
623 1931 712 1993 suos,
739 1909 928 1975 metuebant
956 1911 1056 1996 servi,
1085 1932 1165 1977 vere

163 1999 282 2063 bantur
304 1998 407 2082 liberi,
430 2021 540 2063 earum
563 2019 674 2062 omnes
696 1997 876 2081 habebant,
898 1997 1035 2082 vigebat
1056 1999 1092 2064 in
1112 1999 1166 2064 illa

54 2142 57 2150 .
111 2101 144 2153 ee
164 2087 259 2151 domo
286 2086 413 2169 patrius
440 2107 511 2150 mos
539 2088 572 2149 et
601 2085 779 2169 disciplina
824 2085 877 2150 Ita
903 2086 990 2150 enim
1021 2090 1190 2153 senectus!

162 2173 300 2238 honesta
323 2176 385 2254 est,
413 2171 442 2236 si
465 2193 498 2237 se
520 2172 594 2256 ipsa
616 2171 771 2256 defendit,
801 2173 902 2238 eiius
926 2195 1021 2238 suum
1043 2175 1166 2256 retinet,

163 2260 191 2324 si
212 2258 336 2323 nemini
359 2259 562 2343 emancipata
584 2264 644 2345 est,
666 2260 695 2324 si
717 2281 819 2344 usque
842 2261 883 2326 ed
904 2262 1059 2327 ultimum
1078 2262 1166 2348 spiri-

162 2351 234 2412 tum
261 2345 446 2411 dominatur
471 2347 506 2412 in
533 2368 618 2413 suos.
662 2347 710 2413 Ut
736 2349 822 2414 enim
852 2348 1106 2435 adulescentem,
1135 2351 1168 2415 in

163 2456 226 2519 quo
250 2438 301 2500 est
323 2435 423 2500 senile
446 2435 582 2521 aliquid,
609 2437 655 2503 sic
678 2459 801 2521 senem,
827 2437 862 2501 in
884 2459 949 2521 quo
972 2441 1024 2502 est
1047 2437 1168 2523 aliquid

163 2523 386 2608 adulescentis,
408 2525 526 2610 prob03
549 2527 635 2611 quod
659 2525 716 2611 qui
738 2525 893 2609 sequitur,
916 2546 1052 2609 corpore
1073 2547 1169 2593 senex
1196 2558 1197 2561 ¹

162 2633 245 2763 nr
264 2611 538 2765 lgm,
559 2609 1170 2769 item

162 2720 518 2872 monumenilncolligo,
541 2809 711 2852 causarum
730 2750 927 2873 inllrstrium,
951 2723 1170 2876 quasdamque

162 2871 297 2956 defendi,
314 2894 400 2940 nune
414 2896 487 2939 eum
501 2876 640 2941 maxime
654 2875 787 2942 conficio
807 2878 980 2961 orationes,
997 2877 1050 2943 ius
1069 2901 1171 2966 augu-

161 2961 256 3044 rium,
277 2961 489 3047 pontificium,
512 2962 606 3029 civile
623 2966 738 3049 tracto,
760 2964 901 3031 multum
919 2965 1019 3031 etiam
1037 2964 1171 3034 Graecis

161 3048 283 3114 litteris
296 3051 371 3114 utor
382 3049 726 3137 Pythagoreorumque
739 3075 829 3119 more
843 3053 1037 3120 exercendae
1050 3077 1172 3122 memo·

161 3137 228 3202 riae
244 3136 360 3222 gratia,
380 3138 457 3223 quid
475 3160 602 3224 quoque
621 3141 671 3205 die
690 3140 834 3226 dixerim,
853 3142 1019 3227 audierim,
1037 3144 1172 3230 egerim,

162 3246 379 3291 commemoro
398 3228 534 3312 vesperi.
570 3226 660 3293 Haec
679 3232 755 3293 sunt
772 3230 1020 3296 exercitationes
1037 3230 1192 3318 ingenii.

161 3313 242 3380 haee
258 3312 417 3381 curnoula
434 3315 561 3398 mentis,
580 3315 615 3379 in
632 3316 683 3380 his
703 3317 862 3383 desudans
880 3323 978 3404 atque
997 3319 1172 3386 elaborans

161 3402 306 3487 eorporis
320 3401 406 3467 vires
417 3425 484 3469 non
494 3423 613 3488 magno
624 3426 719 3489 opere
735 3406 889 3473 desidero.
907 3406 1033 3473 Adsum
1048 3408 1171 3492 amicis,
1188 3445 1197 3454 ν

161 3491 255 3557 venio
274 3491 475 3556 insanarum
493 3490 644 3575 frequens
662 3493 814 3578 ultroque
833 3495 944 3563 adfero
961 3517 1014 3560 res
1029 3497 1173 3562 multum

161 3581 195 3643 et
213 3579 272 3681 diu
285 3577 446 3666 cogitatas
466 3601 584 3666 easque
602 3584 695 3648 tueor
716 3583 825 3670 animi,
846 3607 913 3651 non
930 3584 1077 3670 corporis
1095 3583 1173 3651 viri·
