2394 4126
297 236 372 338 oar.
392 288 435 351 aa,
454 288 496 338 11,
538 287 704 348 soa-104.
942 277 1007 349 195

71 446 112 510 ab
132 444 285 527 amand03
308 465 417 508 amare
434 447 545 508 autem
565 443 650 506 nihil
672 445 722 506 est
746 442 834 507 aliud
850 443 915 508 nisi
933 465 1006 508 eum

71 557 103 597 m
132 532 281 617 diligere,
313 553 408 616 quem
436 552 539 615 ames,
568 530 661 595 nulla
691 529 884 616 indigentia,
914 523 1006 606 nu'lla
1046 529 1049 537 ’
1166 563 1170 570 ·

71 624 142 686 tate
167 621 328 704 quaesita3
349 641 434 704 quae
456 623 567 683 tamen
587 620 661 704 ipsa
678 618 858 684 ecflorescit
875 640 914 683 ex
928 621 1007 684 ami-

71 755 89 794 .,
120 708 252 774 etiamsi
278 712 315 772 tu
343 729 414 772 eam
441 708 548 771 minus
580 712 708 772 secutus
736 707 790 771 sis.
834 705 906 771 Hac
932 721 1058 772 nos101

71 801 221 863 eseentes
246 795 465 861 benivolentia
487 816 579 859 senes
607 795 699 879 illos,
726 795 761 859 L.
784 794 936 879 Paulum,
963 795 1006 860 M.

71 907 164 969 mem,
188 883 224 951 Ο.
248 882 375 970 Galum,
400 883 436 948 P.
459 882 627 968 Nasicam,
652 883 700 947 Ti
724 883 919 962 Gracchum,
942 881 1006 949 Sei-

71 974 104 1039 is
135 972 243 1039 nostri
270 993 430 1057 socerum,
462 971 647 1054 dileximus,
675 972 756 1037 haec
779 973 877 1037 etiam
900 973 1006 1059 magis

71 1066 104 1127 et
125 1062 212 1127 inter
235 1061 400 1144 aequales,
430 1063 469 1124 ut
495 1060 580 1123 inter
606 1081 658 1124 me
686 1064 720 1125 et
742 1057 939 1145 Scipionem,
969 1061 1006 1126 L.

71 1151 139 1235 ium,
161 1149 198 1215 P.
221 1149 397 1233 Rupilium,
420 1145 474 1233 Sp.
488 1146 688 1212 Mummium.
719 1146 873 1213 Vicissim
896 1154 1005 1215 autem

71 1260 92 1301 >s
118 1239 152 1302 in
180 1237 435 1303 adulescentium
462 1237 598 1302 caritate
626 1236 874 1321 adquiescimus,
905 1243 943 1302 ut
971 1239 1006 1303 in

71 1348 117 1410 ra,
138 1329 176 1390 ut
198 1326 234 1389 in
257 1324 293 1402 Q.
316 1324 510 1408 Tuberonis3
537 1324 685 1408 equidem
707 1326 807 1390 etiam
832 1326 1005 1390 admodum

71 1414 214 1479 lescentis
243 1412 280 1480 P.
307 1413 425 1497 Rutili,
461 1412 501 1477 A.
528 1410 666 1498 Vergini
697 1414 921 1478 familiaritate
955 1415 1005 1477 de-

71 1524 111 1566 or.
142 1501 365 1586 Quoniamque
388 1502 437 1566 ita
458 1501 543 1565 ratio
568 1505 756 1584 comparata
779 1506 829 1566 est
846 1501 933 1566 vitae
952 1523 1006 1565 na·

71 1611 154 1673 reque
171 1593 313 1673 nostrae,
335 1594 373 1655 ut
386 1589 452 1654 alia
465 1610 502 1654 ex
515 1590 582 1657 olio
600 1592 691 1653 aetas
705 1589 837 1672 oriatur,
856 1610 1005 1652 maxume

71 1677 130 1742 lem
153 1677 331 1762 optandum
354 1680 413 1763 est,
435 1681 472 1741 ut
492 1699 564 1741 cum
587 1675 776 1760 aequalibus
799 1676 915 1760 possis,
939 1676 1005 1759 qui-

71 1787 136 1830 cum
156 1770 325 1850 tamquam
344 1788 360 1830 e
379 1765 561 1831 carceribus
580 1765 717 1830 emissus
737 1764 791 1847 sis,
812 1786 885 1829 cum
902 1764 1005 1830 isdem

71 1853 199 1937 calcem,
229 1857 266 1918 ut
288 1853 418 1937 dicitur,
445 1852 621 1939 pervenire.
666 1850 728 1917 Sed
756 1853 909 1937 quoniam
940 1875 991 1916 res
1008 1864 1058 1913 102

71 1962 164 2005 ranae
184 1941 316 2027 fragiles
340 1942 542 2025 caducaeque
565 1944 654 2024 sunt,
678 1962 805 2024 semper
828 1941 929 2024 aliqui
952 1963 1006 2005 an·

71 2027 155 2090 rendi
175 2034 260 2113 sunt,
283 2052 363 2113 quos
387 2030 562 2115 diligamus
580 2032 614 2093 et
636 2051 656 2092 a
679 2028 796 2111 quibus
818 2028 1006 2115 diligamur3

71 2114 144 2178 itate
174 2115 257 2180 enirn
285 2118 568 2200 benivolentiaque
604 2116 735 2181 sublata
771 2115 875 2181 omnis
909 2121 960 2182 est
988 2140 1023 2189 0,

71 2247 75 2265 .
100 2202 228 2268 sublata
253 2205 444 2272 iucunditas.
488 2204 571 2269 Mihi
593 2205 723 2289 quidem
745 2203 866 2291 Scipi0,
896 2228 1006 2290 quam·

71 2313 101 2354 11
119 2295 168 2356 est
186 2293 294 2359 subito
313 2298 453 2379 ereptus,
471 2294 554 2359 vivit
567 2297 678 2360 tamen
696 2315 886 2379 semperque
904 2295 1006 2377 vivet,

71 2382 155 2444 utem
183 2381 268 2447 enim
296 2383 403 2447 amavi
429 2382 519 2446 illius
546 2382 621 2459 viri,
654 2403 735 2465 quae
767 2382 909 2445 extincta
929 2403 1007 2444 'non

96 2489 153 2534 nec
180 2469 261 2533 mihi
293 2470 356 2534 soli
387 2472 537 2536 versatur
567 2471 642 2531 ante
669 2468 794 2550 oculos,
826 2467 882 2548 qui
912 2466 1006 2529 illam

71 2577 128 2639 per
161 2557 197 2620 in
228 2558 377 2622 manibus
409 2556 524 2640 habui,
556 2554 611 2619 sed
644 2555 743 2618 etiam
772 2551 912 2637 posteris
944 2553 1007 2616 erit

72 2648 135 2709 aet
152 2645 301 2731 insignis.
328 2645 433 2710 Nemo
448 2666 602 2728 umquam
617 2642 725 2706 animo
740 2645 797 2705 aut
811 2663 867 2725 spe
883 2639 1008 2706 maiora

71 2731 166 2817 :ipiet,
194 2734 250 2817 qni
273 2735 337 2798 sibi
358 2755 425 2799 non
446 2734 535 2798 illius
559 2731 750 2798 memoriam
773 2734 870 2814 atque
892 2729 1006 2817 imagi-

71 2822 333 2905 [proponendam
352 2826 453 2906 putot.
484 2821 644 2906 Equidem
660 2842 699 2885 ex
718 2820 867 2886 omnibus
886 2820 993 2905 rebus,
1008 2837 1059 2886 103

71 2927 83 2971 s
104 2910 184 2974 mihi
207 2914 265 2974 aut
286 2910 419 2975 fortuna
441 2915 499 2974 aut
515 2914 633 2975 natura
651 2910 777 2994 tribuit,
795 2909 877 2991 nibil
891 2908 1006 2994 habeo,

71 2994 88 3059 d
113 3019 186 3062 cum
218 2998 363 3063 amicitia
389 2995 548 3082 Scipionis
576 2999 699 3084 possim
727 3019 923 3081 comparare.
967 2996 1007 3060 In

84 3085 163 3150 mihi
185 3087 225 3150 de
248 3108 283 3150 re
305 3085 436 3170 publica
459 3107 649 3169 consensus,
671 3087 706 3149 in
728 3085 790 3149 hae
812 3104 921 3146 rorum
943 3083 1007 3164 pri-

71 3193 148 3238 srum
172 3174 356 3257 eonsilium,
387 3174 423 3238 in
450 3175 562 3238 eadem
588 3173 715 3255 requies
741 3171 839 3251 plena
866 3168 1006 3231 oblecta-

71 3258 196 3327 isfuit.
241 3261 429 3345 Numquam
455 3263 550 3326 illum
571 3281 613 3323 ne
645 3256 779 3320 minima
811 3253 939 3338 quidem
972 3275 1007 3316 re
1119 3315 1120 3319 ,

71 3348 126 3434 udi,
149 3349 235 3434 quod
259 3350 387 3433 quidem
406 3350 570 3429 senserim,
587 3345 670 3409 nihil
690 3341 798 3407 audivi
817 3364 856 3407 ex
874 3363 912 3406 eo
928 3340 1007 3424 ipse',

71 3435 88 3500 d
116 3439 253 3520 nollem,
283 3459 349 3502 una
375 3438 489 3504 domus
522 3437 605 3518 erat,
640 3433 727 3496 idem
758 3429 880 3513 victus,
915 3428 1007 3512 isque

71 3527 192 3609 munis,
210 3548 314 3610 neque
339 3528 444 3591 solum
466 3522 598 3605 militia,
622 3521 678 3585 sed
701 3518 800 3581 etiam
822 3517 1007 3603 peregrina·

71 3633 105 3677 es
127 3615 419 3698 rusticationesque
442 3631 636 3678 communes
668 3606 754 3672 Nam
778 3605 856 3691 quid
874 3628 935 3694 ego
955 3606 993 3672 de
1009 3619 1060 3670 104

742 3708 795 3763 13*
