2394 4126
71 139 73 147 ¹
202 189 266 254 178
500 186 654 242 LAELIUS
672 185 722 239 DE
739 185 905 241 AMICITIA

147 368 182 417 45
202 351 230 414 si
252 370 305 414 res
327 349 519 434 postulabit,
542 352 575 413 et
594 347 758 413 adhibitae
776 350 938 431 pareatur.
975 346 1061 413 Nam
1081 348 1189 432 quibus

202 439 288 522 dam,
318 459 398 522 quos
427 438 521 503 audio
551 436 712 520 sapienter
739 434 871 500 habitos
898 435 934 500 in
963 434 1111 516 Graecia,
1140 437 1189 522 pb

201 529 306 591 cuisse
329 527 445 611 opinor
466 524 630 588 mirabilia
654 523 811 607 quaedam
833 523 904 606 (sed
926 523 1010 588 nihil
1034 530 1099 608 est,
1124 520 1189 610 quod

200 615 338 679 illinon
361 616 596 698 persequantur
620 610 786 697 argutiis):
808 611 931 696 partim
948 611 1122 698 fugiendas
1137 630 1189 677 esu

200 703 319 767 nimias
342 700 574 783 amicitiaque
596 721 727 764 necesse
750 700 794 764 sit
815 721 916 764 unum
939 700 1116 766 sollicitum
1137 717 1189 767 esst

201 813 261 876 pro
284 789 445 874 pluribus;
473 787 553 852 satis
577 809 736 873 superque
759 808 829 851 esse
853 787 917 852 sibi
939 809 1074 854 suarum
1096 789 1189 872 cuique

202 900 323 958 rerum,
350 875 464 940 alienis
490 875 588 940 nimis
616 875 778 960 implicari
805 875 981 941 molestum
1010 897 1094 960 essc3
1125 896 1189 941 con·

202 962 425 1029 modissimum
457 984 527 1028 esse
560 986 657 1048 quam
689 963 872 1027 laxissimas
908 963 1054 1028 habenas
1090 964 1189 1033 habau

203 1050 376 1132 amicitiae,
400 1072 480 1134 quas
503 1051 555 1116 vel
579 1052 732 1133 adducaS,
755 1073 827 1116 cum
849 1050 944 1133 velis,
971 1052 1025 1115 vel
1048 1053 1189 1133 remittaq

202 1142 299 1222 caput
322 1138 407 1203 enim
431 1161 500 1204 esse
524 1139 565 1204 ad
589 1141 682 1204 beate
705 1138 876 1204 vivendum
900 1139 1122 1224 securitatem,
1142 1156 1189 1224 qus

201 1226 266 1290 frui
292 1249 358 1290 non
385 1227 490 1310 possit
518 1227 659 1308 animus,
686 1227 714 1290 si
742 1230 909 1310 tamquam
937 1228 1101 1311 parturiat
1126 1244 1189 1305 unm

150 1332 182 1380 46
201 1336 260 1399 pro
284 1315 442 1399 pluribus.
487 1314 581 1381 Alios
604 1320 713 1379 autem
736 1315 840 1380 dicere
864 1315 955 1380 aiunt
983 1317 1088 1382 multo
1110 1316 1187 1381 etim

201 1403 408 1467 inhumanius
446 1399 555 1487 (quem
587 1405 694 1468 locum
725 1403 868 1467 breviter
883 1414 886 1420 '
902 1403 1001 1487 paulo
1036 1408 1109 1469 ante
1137 1420 1186 1488 por

203 1490 333 1577 strinxi)
356 1491 510 1577 praesidii
532 1491 771 1574 adiumentique
796 1511 906 1572 causa,
932 1512 999 1557 non
1026 1492 1186 1557 benivola·

202 1580 267 1645 tiae
285 1602 389 1664 neque
413 1580 559 1644 caritatis
583 1579 743 1644 amicitias
767 1599 836 1644 esse
859 1579 1070 1664 expetendam
1090 1580 1186 1662 itaquo,

202 1669 397 1752 utquisque
424 1667 594 1733 minimum
621 1667 786 1732 firmitatis
813 1667 949 1731 haberet
976 1668 1185 1749 minimumque

109 1794 112 1801 ·
202 1756 333 1838 virium,
360 1757 412 1820 'ita
440 1756 599 1820 amicitias
628 1755 779 1839 adpetere
805 1755 958 1837 maxime3
992 1775 1030 1820 ex
1062 1777 1108 1825 eo.
1127 1749 1186 1826 dori,

202 1847 239 1907 ut
261 1843 469 1908 mulierculae
492 1843 597 1931 magis
621 1843 836 1908 amicitiarum
862 1843 1025 1927 praesidia
1053 1839 1185 1929 quaerant

203 1954 300 2016 quam
318 1931 380 1996 viri
399 1935 432 1996 et
450 1931 562 2015 inopes
582 1952 679 2015 quam
696 1931 842 2014 opulenti
860 1934 893 1995 et
911 1931 1095 1998 calamitosi
1112 1945 1185 2015 quum

148 2037 183 2085 47
201 2021 235 2101 ii,
249 2021 304 2104 qui
318 2023 473 2104 putentur
487 2019 583 2084 beati.
611 2018 638 2084 Ο
651 2019 851 2103 praeclaram
866 2019 1072 2103 sapientiaml
1101 2017 1183 2084 Solen

203 2108 288 2172 enim
311 2130 327 2171 e
352 2106 470 2171 mundo
493 2108 609 2171 tollere
631 2106 794 2183 videntur,
823 2107 878 2191 qui
900 2106 1078 2174 amicitiam
1101 2103 1185 2173 evila

202 2196 331 2277 tollunt,
355 2216 419 2277 qua
440 2194 523 2257 nihil
547 2217 566 2258 a
589 2193 638 2257 dis
661 2193 890 2258 inmortalibus
908 2195 1025 2260 melius
1044 2197 1185 2264 habemus

202 2281 284 2346 nihil
302 2281 480 2346 iucundius.
517 2279 605 2356 Quae
624 2284 674 2345 est
692 2282 777 2345 enim
795 2281 860 2346 ista
878 2282 1060 2349 securitas?
1096 2276 1185 2367 specie

203 2370 332 2455 quidem
359 2369 492 2448 blanda,
525 2369 581 2434 sed
608 2391 721 2455 reapse
749 2369 862 2435 multis
890 2371 970 2436 locis
1002 2365 1185 2456 repudianda

202 2459 315 2546 Neque
343 2459 427 2525 enim
456 2462 506 2524 est
533 2463 782 2525 consentaneum
808 2459 911 2524 ullam
938 2458 1109 2525 honestam
1135 2471 1186 2522 ren

203 2551 417 2633 actionemve,
443 2571 484 2614 ne
513 2549 673 2614 sollicitus
701 2549 759 2632 sis,
787 2550 844 2612 aut
869 2568 935 2618 nou
963 2540 1187 2634 susciperetui

203 2643 386 2722 susceptam
414 2637 580 2720 deponere.
626 2635 748 2710 Quodsi
775 2657 885 2700 curam
914 2633 1072 2721 fugimus,
1103 2634 1188 2701 virtus

202 2724 356 2808 fugienda
383 2726 445 2804 est,
474 2744 555 2806 quae
582 2742 711 2786 necesse
739 2725 789 2785 est
816 2744 889 2788 cum
917 2724 1025 2808 aliqua
1053 2746 1128 2790 cura
1150 2731 1189 2784 ret

204 2811 266 2873 sibi
299 2809 478 2874 contrarias
511 2811 701 2890 aspernetur
732 2811 829 2892 atquc
862 2811 979 2893 oderit,
1010 2815 1048 2878 ut
1078 2808 1189 2877 bonitrt

202 2897 372 2979 malitiam,
394 2894 611 2979 temperantia
633 2893 824 2979 lubidinem,
847 2899 1012 2985 ignaviam
1034 2894 1189 2971 fortitudot

202 2986 312 3067 itaque
335 2984 445 3048 videas
467 2982 563 3045 rebus
585 2980 715 3047 iniustis
737 2983 841 3050 iustos
864 2981 1189 3071 maximedolere,l11·

202 3072 343 3136 bellibus
369 3070 488 3150 fortes,
515 3068 686 3154 flagitiosis
713 3073 886 3141 modestos.
931 3075 1021 3162 Ergo
1048 3075 1110 3142 hoe
1132 3088 1189 3160 prb

202 3161 309 3248 prium
328 3162 378 3224 est
396 3156 496 3222 animi
513 3156 595 3223 bene
613 3160 792 3245 constituti,
813 3166 846 3227 et
864 3164 980 3228 laetari
998 3165 1093 3229 bonis
1111 3161 1189 3228 rehu

149 3267 182 3315 48
203 3255 236 3315 et
259 3249 368 3313 dolere
393 3246 573 3312 contrariis.
619 3246 722 3323 Quam
749 3251 790 3315 ob
818 3272 900 3335 rem,
928 3252 956 3316 si
984 3252 1070 3318 cadit
1096 3253 1132 3317 in
1156 3266 1189 3312 su

201 3340 344 3423 piantem
367 3334 467 3400 animi
490 3333 595 3415 dolor,
619 3338 674 3420 qui
696 3338 842 3422 profecto
866 3339 968 3424 cadit,
989 3340 1055 3405 nisi
1077 3362 1116 3406 ex
1137 3337 1189 3403 eius

202 3427 309 3491 animo
329 3424 523 3508 extirpatum
537 3423 774 3491 humanitatem
791 3427 996 3512 arbitramur,
1015 3450 1097 3512 quae
1111 3441 1189 3494 causi

202 3518 261 3598 est,
279 3535 335 3579 cur
353 3511 531 3578 amicitiam
548 3511 693 3581 funditus
712 3515 867 3581 tollamus
886 3539 904 3582 e
921 3517 1001 3619 rita,
1020 3537 1061 3583 ne
1081 3517 1189 3604 aliqua
