2394 4126
363 240 438 298 CAP.
457 247 535 298 4-o.
568 246 584 308 ἓ
603 245 715 297 15-21.
978 243 1041 308 169

27 402 78 467 ita
102 354 137 465 sel
161 403 288 486 gerunt,
309 401 358 466 ita
381 401 503 486 vivunt,
525 405 563 467 ut
585 423 697 474 eorum
715 401 871 486 probetur
887 402 976 487 fides,
994 405 1041 469 in-

28 488 181 575 tegritas,
205 489 360 573 aequitas,
383 489 574 574 liberalitas,
595 512 655 555 nec
678 489 776 555 sitin
797 489 844 555 eis
866 490 936 554 ulla
955 493 1041 576 eupi-

31 577 129 661 ditas,
150 575 262 661 libido,
285 577 428 661 audacia,
451 578 580 662 sintque
603 580 723 664 magna
746 577 940 661 constantia,
962 579 1042 643 utii

31 663 178 748 fuerunt,
209 664 305 731 modo
335 687 416 750 quos
447 666 627 750 nominari,
659 665 719 732 hos
742 666 830 733 viros
859 666 977 750 bonos,
1004 669 1042 731 ut

13 751 140 818 thabiti
162 756 252 836 sunt,
274 752 321 819 sic
343 754 443 819 etiam
466 754 677 838 appellandos
700 758 865 840 putemus,
895 753 972 838 quia
994 775 1041 819 se·

34 844 185 925 quantur,
202 844 359 925 quantum
377 841 525 907 homiues
543 846 689 926 possunt,
711 846 863 908 naturam
882 841 1041 927 optimam

33 929 114 994 bene
136 928 267 994 vivendi
290 930 410 995 ducem.
443 927 496 995 Sic
519 929 604 994 enim
623 929 703 995 mihi
721 931 902 1016 perspicere
920 929 1041 1016 videor,

34 1016 81 1083 ita
102 1019 198 1082 natos
222 1038 380 1102 essenos,
398 1021 436 1082 ut
453 1017 539 1082 inter
557 1039 668 1083 omnes
688 1022 774 1085 esset
788 1019 925 1085 societas
945 1041 1040 1104 quae·

37 1104 118 1190 dam,
134 1104 238 1170 maior
255 1108 373 1190 autem,
387 1108 424 1170 ut
443 1106 577 1191 quisque
594 1128 750 1191 proxume
764 1106 937 1173 accederet.
972 1107 1040 1174 Ita·

12 1204 97 1276 tque
124 1193 210 1258 cives
237 1194 381 1278 potiores
409 1216 507 1279 quam
533 1194 710 1281 peregrini,
740 1195 914 1280 propinqui
942 1217 1039 1280 quam

38 1281 145 1364 alieni3
172 1303 246 1346 cum
272 1281 324 1347 his
347 1282 433 1347 enim
462 1283 640 1348 amicitiam
665 1285 784 1349 natura
804 1284 878 1367 ipsa
899 1285 1040 1368 peperit;

38 1369 91 1433 sed
113 1390 152 1433 ea
173 1391 240 1433 non
262 1371 342 1435 satis
366 1370 467 1436 habet
488 1371 665 1437 firmitatis.
700 1369 849 1454 Namque
866 1370 929 1436 hoc
946 1394 1039 1456 prae-

38 1460 102 1521 stat
125 1456 268 1522 amicitia
289 1459 535 1543 propinquitati,
558 1458 645 1543 quod
668 1479 707 1523 ex
724 1458 969 1543 propinquitate
986 1460 1040 1523 be·

36 1544 214 1610 nivolentia
231 1546 307 1609 tolli
323 1550 443 1630 potest,
466 1568 504 1610 ex
523 1545 667 1610 amicitia
680 1566 747 1608 non
764 1549 889 1629 potast3
912 1545 1042 1609 sublata

11 1628 121 1697 renim
139 1632 360 1697 benivolentia
379 1632 540 1697 amicitiae
559 1651 678 1695 nomen
696 1631 838 1713 tollitur,
856 1631 1042 1715 propinqui-

34 1721 113 1786 tatis
142 1723 261 1785 manet.
302 1718 432 1795 Quanta
449 1722 559 1783 autem
580 1717 631 1782 ris
654 1717 816 1783 amicitiae
839 1717 896 1797 sit,
924 1738 962 1782 ex
979 1717 1041 1784 hoc
1060 1726 1095 1776 20

31 1805 184 1891 intellegi
206 1807 346 1871 maxime
369 1808 488 1889 potest,
510 1803 597 1888 quod
614 1826 653 1869 ex
669 1804 799 1869 infinita
816 1805 971 1871 societate
990 1827 1042 1892 ge

29 1896 122 1961 neris
145 1893 293 1975 humani,
321 1914 419 1977 quam
442 1891 628 1957 conciliavit
649 1892 722 1977 ipsa
742 1895 874 1976 natura,
900 1892 948 1958 ita
970 1915 1042 1958 eon-

28 1984 144 2048 tracta
169 2001 222 2042 res
246 1983 297 2043 est
318 1984 352 2044 at
376 1980 514 2046 adducta
535 1979 571 2044 in
593 1982 783 2066 angustum,
804 1983 842 2044 ut
865 1980 969 2045 omnis
993 2003 1042 2046 ca-

10 2073 119 2135 tritas
143 2069 201 2131 aut
222 2066 307 2132 inter
330 2068 411 2133 duos
433 2072 490 2134 aut
512 2067 547 2132 in
563 2089 598 2133 er
619 2089 740 2153 paucos
763 2068 959 2154 iungeretur.

101 2154 165 2220 Est
188 2154 273 2219 euim
296 2156 439 2221 amicitia
459 2156 543 2221 nihil
566 2156 654 2222 aliud
675 2156 741 2222 nisi
759 2151 903 2223 omnium
921 2157 1042 2223 diuina·
1060 2149 1081 2215 6

26 2266 108 2312 rum
121 2243 399 2327 humanarumque
412 2266 520 2310 rerum
535 2267 608 2311 cum
621 2245 842 2311 benivolentia
859 2249 892 2311 et
906 2246 1042 2313 caritate

28 2331 218 2414 consensio,
240 2353 304 2414 qua
327 2332 457 2416 quidem
475 2332 558 2398 haut
581 2335 647 2400 scio
667 2355 709 2400 an
727 2338 862 2419 excepta
879 2335 1041 2420 sapientia

28 2420 118 2487 nihil
147 2419 264 2484 melius
295 2419 420 2484 homini
452 2420 496 2485 sit
527 2442 547 2484 a
578 2421 628 2486 dis
658 2422 889 2487 inmortalibus
921 2423 1042 2486 datum.

9 2507 177 2576 *Diuitias
200 2506 258 2571 alii
280 2511 500 2592 praeponunt,
521 2508 641 2572 bonam
664 2509 721 2572 alii
742 2508 963 2592 valitudinem,
986 2507 1045 2571 alii

32 2596 226 2683 potentiam,
249 2595 306 2660 alii
327 2594 480 2677 honores,
503 2594 599 2659 multi
622 2593 721 2660 etiam
744 2596 939 2679 voluptates.
983 2592 1043 2659 Be

32 2685 164 2751 luarum
186 2684 249 2748 hoc
271 2682 401 2767 quidem
428 2686 622 2766 extremum,
651 2682 712 2749 illa
738 2686 847 2749 autem
875 2682 1043 2769 superiora

35 2772 156 2839 caduca
179 2775 213 2836 et
234 2770 367 2856 incerta,
389 2771 499 2857 posita
520 2793 587 2837 non
608 2774 678 2837 tam
700 2771 736 2837 in
757 2771 901 2838 consiliis
918 2771 1042 2838 nostris

36 2882 135 2944 quam
156 2859 192 2924 in
217 2858 368 2925 fortunae
397 2859 589 2926 temeritate.
635 2859 697 2936 Qui
724 2864 832 2927 autam
858 2861 893 2926 in
920 2861 1043 2928 virtute

8 2959 200 3013 usummum
222 2947 343 3013 bonum
371 2952 510 3033 ponunt,
540 2949 707 3034 praeclare
732 2950 784 3016 illi
811 2950 955 3035 quidem,
986 2949 1043 3014 sed

35 3035 117 3101 haec
137 3036 211 3120 ipsa
233 3035 336 3101 virtus
360 3036 538 3102 amicitiam
560 3041 593 3102 et
616 3039 724 3124 gignit
746 3043 779 3104 et
802 3040 962 3121 continet,
983 3059 1043 3101 nee

37 3123 107 3188 sine
128 3123 251 3189 virtute
274 3123 417 3190 amicitia
440 3147 509 3191 esse
531 3126 600 3191 ullo
623 3131 720 3211 pacto
739 3130 858 3210 potest.
891 3125 962 3188 Iam
980 3123 1042 3187 rir-
1061 3129 1094 3179 21

36 3213 143 3276 tutem
165 3233 204 3276 ex
226 3213 456 3278 consuetudine
477 3213 565 3279 vitae
584 3213 805 3310 sermonisque
823 3210 929 3274 nostri
946 3209 1043 3307 inter-

7 3297 1044 3471 allfftmmlllilrmtllllllitlllltlffrllllalilllssj

37 3495 253 3559 numeremus,
270 3475 401 3558 Paulos,
419 3472 569 3556 Catones,
592 3470 702 3554 Gales,
725 3467 908 3567 Scipiones,
917 3464 1044 3549 Philos;

38 3559 92 3628 his
111 3563 289 3630 communis
308 3561 378 3627 vita
396 3563 548 3626 contenta
566 3563 631 3646 est3
648 3579 704 3624 eos
722 3560 832 3623 autem
845 3555 1045 3639 omrttamus,
