<?xml version="1.0" encoding="UTF-8"?>
<!DOCTYPE html PUBLIC "-//W3C//DTD XHTML 1.0 Transitional//EN"
    "http://www.w3.org/TR/xhtml1/DTD/xhtml1-transitional.dtd">
<html xmlns="http://www.w3.org/1999/xhtml" xml:lang="en" lang="en">
 <head>
  <title>
</title>
<meta http-equiv="Content-Type" content="text/html;charset=utf-8" />
  <meta name='ocr-system' content='tesseract 3.04.00' />
  <meta name='ocr-capabilities' content='ocr_page ocr_carea ocr_par ocr_line ocrx_word'/>
</head>
<body>
  <div class='ocr_page' id='page_1' title='image "./mtulliiciceroni43cicegoog/mtulliiciceroni43cicegoog_0010.png"; bbox 0 0 2394 4126; ppageno 0'>
   <div class='ocr_carea' id='block_1_1' title="bbox 404 252 1054 322">
    <p class='ocr_par' dir='ltr' id='par_1_1' title="bbox 404 252 1054 322">
     <span class='ocr_line' id='line_1_1' title="bbox 404 252 1054 322; baseline 0.003 -16"><span class='ocrx_word' id='word_1_1' title='bbox 404 252 479 309; x_wconf 73' lang='lat' dir='ltr'><strong>cup,</strong></span> <span class='ocrx_word' id='word_1_2' title='bbox 500 259 523 322; x_wconf 90' lang='lat'><strong>1,</strong></span> <span class='ocrx_word' id='word_1_3' title='bbox 542 259 568 308; x_wconf 79' lang='lat' dir='ltr'><strong>a.</strong></span> <span class='ocrx_word' id='word_1_4' title='bbox 593 259 609 319; x_wconf 71' lang='lat' dir='ltr'><strong>s</strong></span> <span class='ocrx_word' id='word_1_5' title='bbox 629 260 706 309; x_wconf 87' lang='lat' dir='ltr'><strong>1-c.</strong></span> <span class='ocrx_word' id='word_1_6' title='bbox 990 255 1054 319; x_wconf 87' lang='lat'><strong>133</strong></span> 
     </span>
    </p>
   </div>
   <div class='ocr_carea' id='block_1_2' title="bbox 70 413 1125 3636">
    <p class='ocr_par' dir='ltr' id='par_1_2' title="bbox 70 413 1125 2692">
     <span class='ocr_line' id='line_1_2' title="bbox 71 413 1053 500; baseline 0.005 -23"><span class='ocrx_word' id='word_1_7' title='bbox 71 413 203 478; x_wconf 85' lang='lat' dir='ltr'><strong>dmirari</strong></span> <span class='ocrx_word' id='word_1_8' title='bbox 219 413 382 479; x_wconf 77' lang='lat' dir='ltr'><strong>videmini.</strong></span> <span class='ocrx_word' id='word_1_9' title='bbox 414 413 538 490; x_wconf 83' lang='lat' dir='ltr'><strong>Quibus</strong></span> <span class='ocrx_word' id='word_1_10' title='bbox 557 414 643 480; x_wconf 88' lang='lat' dir='ltr'><strong>enim</strong></span> <span class='ocrx_word' id='word_1_11' title='bbox 661 413 745 478; x_wconf 89' lang='lat' dir='ltr'><strong>nihil</strong></span> <span class='ocrx_word' id='word_1_12' title='bbox 763 416 813 478; x_wconf 91' lang='lat' dir='ltr'><strong>est</strong></span> <span class='ocrx_word' id='word_1_13' title='bbox 831 415 866 477; x_wconf 92' lang='lat' dir='ltr'><strong>in</strong></span> <span class='ocrx_word' id='word_1_14' title='bbox 883 414 963 498; x_wconf 86' lang='lat' dir='ltr'><strong>ipsis</strong></span> <span class='ocrx_word' id='word_1_15' title='bbox 982 417 1053 500; x_wconf 85' lang='lat' dir='ltr'><strong>opis</strong></span> 
     </span>
     <span class='ocr_line' id='line_1_3' title="bbox 71 501 1054 587; baseline 0.003 -22"><span class='ocrx_word' id='word_1_16' title='bbox 71 501 193 566; x_wconf 85' lang='lat' dir='ltr'><strong>dbene</strong></span> <span class='ocrx_word' id='word_1_17' title='bbox 216 502 373 586; x_wconf 89' lang='lat' dir='ltr'><strong>beateque</strong></span> <span class='ocrx_word' id='word_1_18' title='bbox 400 502 587 587; x_wconf 81' lang='lat' dir='ltr'><strong>vivendum,</strong></span> <span class='ocrx_word' id='word_1_19' title='bbox 619 503 664 566; x_wconf 87' lang='lat' dir='ltr'><strong>eis</strong></span> <span class='ocrx_word' id='word_1_20' title='bbox 693 501 798 567; x_wconf 90' lang='lat' dir='ltr'><strong>omnis</strong></span> <span class='ocrx_word' id='word_1_21' title='bbox 826 506 916 566; x_wconf 88' lang='lat' dir='ltr'><strong>aetas</strong></span> <span class='ocrx_word' id='word_1_22' title='bbox 945 505 1054 587; x_wconf 80' lang='lat' dir='ltr'><strong>gravis</strong></span> 
     </span>
     <span class='ocr_line' id='line_1_4' title="bbox 71 589 1055 675; baseline 0.001 -22"><span class='ocrx_word' id='word_1_23' title='bbox 71 592 115 671; x_wconf 82' lang='lat' dir='ltr'><strong>st3</strong></span> <span class='ocrx_word' id='word_1_24' title='bbox 136 590 191 673; x_wconf 89' lang='lat' dir='ltr'><strong>qui</strong></span> <span class='ocrx_word' id='word_1_25' title='bbox 215 593 322 655; x_wconf 86' lang='lat' dir='ltr'><strong>autem</strong></span> <span class='ocrx_word' id='word_1_26' title='bbox 346 591 456 655; x_wconf 94' lang='lat' dir='ltr'><strong>omnia</strong></span> <span class='ocrx_word' id='word_1_27' title='bbox 478 590 565 655; x_wconf 86' lang='lat' dir='ltr'><strong>bona</strong></span> <span class='ocrx_word' id='word_1_28' title='bbox 588 612 608 655; x_wconf 86' lang='lat' dir='ltr'><strong>a</strong></span> <span class='ocrx_word' id='word_1_29' title='bbox 629 612 664 654; x_wconf 89' lang='lat' dir='ltr'><strong>se</strong></span> <span class='ocrx_word' id='word_1_30' title='bbox 686 590 751 675; x_wconf 90' lang='lat' dir='ltr'><strong>ipsi</strong></span> <span class='ocrx_word' id='word_1_31' title='bbox 769 592 895 675; x_wconf 87' lang='lat' dir='ltr'><strong>petunt,</strong></span> <span class='ocrx_word' id='word_1_32' title='bbox 914 589 954 653; x_wconf 91' lang='lat' dir='ltr'><strong>iis</strong></span> <span class='ocrx_word' id='word_1_33' title='bbox 972 589 1055 654; x_wconf 89' lang='lat' dir='ltr'><strong>nihil</strong></span> 
     </span>
     <span class='ocr_line' id='line_1_5' title="bbox 71 677 1055 763; baseline 0.001 -22"><span class='ocrx_word' id='word_1_34' title='bbox 71 677 172 741; x_wconf 72' lang='lat' dir='ltr'><strong>calum</strong></span> <span class='ocrx_word' id='word_1_35' title='bbox 192 681 303 763; x_wconf 87' lang='lat' dir='ltr'><strong>potest</strong></span> <span class='ocrx_word' id='word_1_36' title='bbox 325 678 437 762; x_wconf 76' lang='lat' dir='ltr'><strong>videri,</strong></span> <span class='ocrx_word' id='word_1_37' title='bbox 461 679 546 763; x_wconf 89' lang='lat' dir='ltr'><strong>quod</strong></span> <span class='ocrx_word' id='word_1_38' title='bbox 568 680 704 743; x_wconf 85' lang='lat' dir='ltr'><strong>naturae</strong></span> <span class='ocrx_word' id='word_1_39' title='bbox 724 678 901 744; x_wconf 68' lang='lat' dir='ltr'><strong>necessitas</strong></span> <span class='ocrx_word' id='word_1_40' title='bbox 920 677 1055 743; x_wconf 87' lang='lat' dir='ltr'><strong>adferat.</strong></span> 
     </span>
     <span class='ocr_line' id='line_1_6' title="bbox 71 765 1055 851; baseline -0.002 -19"><span class='ocrx_word' id='word_1_41' title='bbox 71 779 120 834; x_wconf 73' lang='lat' dir='ltr'><strong>:uo</strong></span> <span class='ocrx_word' id='word_1_42' title='bbox 143 765 177 830; x_wconf 90' lang='lat' dir='ltr'><strong>in</strong></span> <span class='ocrx_word' id='word_1_43' title='bbox 199 786 316 851; x_wconf 83' lang='lat' dir='ltr'><strong>genere</strong></span> <span class='ocrx_word' id='word_1_44' title='bbox 340 770 390 831; x_wconf 91' lang='lat' dir='ltr'><strong>est</strong></span> <span class='ocrx_word' id='word_1_45' title='bbox 412 766 447 831; x_wconf 90' lang='lat' dir='ltr'><strong>in</strong></span> <span class='ocrx_word' id='word_1_46' title='bbox 468 766 583 851; x_wconf 88' lang='lat' dir='ltr'><strong>primis</strong></span> <span class='ocrx_word' id='word_1_47' title='bbox 606 769 772 850; x_wconf 84' lang='lat' dir='ltr'><strong>senectus3</strong></span> <span class='ocrx_word' id='word_1_48' title='bbox 804 788 902 851; x_wconf 89' lang='lat' dir='ltr'><strong>quam</strong></span> <span class='ocrx_word' id='word_1_49' title='bbox 929 769 967 831; x_wconf 93' lang='lat' dir='ltr'><strong>ut</strong></span> <span class='ocrx_word' id='word_1_50' title='bbox 990 765 1055 830; x_wconf 89' lang='lat' dir='ltr'><strong>adi·</strong></span> 
     </span>
     <span class='ocr_line' id='line_1_7' title="bbox 71 852 1056 938; baseline 0.001 -22"><span class='ocrx_word' id='word_1_51' title='bbox 71 853 215 917; x_wconf 87' lang='lat' dir='ltr'><strong>iscantur</strong></span> <span class='ocrx_word' id='word_1_52' title='bbox 252 875 365 919; x_wconf 89' lang='lat' dir='ltr'><strong>omnes</strong></span> <span class='ocrx_word' id='word_1_53' title='bbox 403 857 532 938; x_wconf 88' lang='lat' dir='ltr'><strong>optant,</strong></span> <span class='ocrx_word' id='word_1_54' title='bbox 573 852 707 919; x_wconf 89' lang='lat' dir='ltr'><strong>eandem</strong></span> <span class='ocrx_word' id='word_1_55' title='bbox 744 859 896 919; x_wconf 89' lang='lat' dir='ltr'><strong>accusant</strong></span> <span class='ocrx_word' id='word_1_56' title='bbox 932 853 1056 938; x_wconf 85' lang='lat' dir='ltr'><strong>adepti3</strong></span> 
     </span>
     <span class='ocr_line' id='line_1_8' title="bbox 71 941 1054 1027; baseline 0 -22"><span class='ocrx_word' id='word_1_57' title='bbox 71 943 145 1005; x_wconf 77' lang='lat' dir='ltr'><strong>enta</strong></span> <span class='ocrx_word' id='word_1_58' title='bbox 179 945 228 1006; x_wconf 87' lang='lat' dir='ltr'><strong>est</strong></span> <span class='ocrx_word' id='word_1_59' title='bbox 264 941 427 1006; x_wconf 72' lang='lat' dir='ltr'><strong>stultitiae</strong></span> <span class='ocrx_word' id='word_1_60' title='bbox 462 941 682 1021; x_wconf 84' lang='lat' dir='ltr'><strong>inconstantia</strong></span> <span class='ocrx_word' id='word_1_61' title='bbox 717 945 814 1026; x_wconf 86' lang='lat' dir='ltr'><strong>atque</strong></span> <span class='ocrx_word' id='word_1_62' title='bbox 848 942 1054 1027; x_wconf 82' lang='lat' dir='ltr'><strong>perversitas.</strong></span> 
     </span>
     <span class='ocr_line' id='line_1_9' title="bbox 71 1029 1056 1115; baseline 0.002 -23"><span class='ocrx_word' id='word_1_63' title='bbox 71 1029 213 1113; x_wconf 66' lang='lat' dir='ltr'><strong>*brepere</strong></span> <span class='ocrx_word' id='word_1_64' title='bbox 237 1029 330 1094; x_wconf 88' lang='lat' dir='ltr'><strong>aiunt</strong></span> <span class='ocrx_word' id='word_1_65' title='bbox 353 1051 426 1094; x_wconf 87' lang='lat' dir='ltr'><strong>eam</strong></span> <span class='ocrx_word' id='word_1_66' title='bbox 450 1029 555 1114; x_wconf 84' lang='lat' dir='ltr'><strong>citius,</strong></span> <span class='ocrx_word' id='word_1_67' title='bbox 573 1051 671 1115; x_wconf 84' lang='lat' dir='ltr'><strong>quam</strong></span> <span class='ocrx_word' id='word_1_68' title='bbox 688 1033 867 1114; x_wconf 88' lang='lat' dir='ltr'><strong>putassent.</strong></span> <span class='ocrx_word' id='word_1_69' title='bbox 909 1029 1056 1094; x_wconf 88' lang='lat' dir='ltr'><strong>Primum</strong></span> 
     </span>
     <span class='ocr_line' id='line_1_10' title="bbox 71 1116 1056 1203; baseline 0.002 -23"><span class='ocrx_word' id='word_1_70' title='bbox 71 1117 123 1180; x_wconf 88' lang='lat' dir='ltr'><strong>uis</strong></span> <span class='ocrx_word' id='word_1_71' title='bbox 149 1117 255 1202; x_wconf 86' lang='lat' dir='ltr'><strong>co&#39;e&#39;git</strong></span> <span class='ocrx_word' id='word_1_72' title='bbox 278 1138 334 1182; x_wconf 89' lang='lat' dir='ltr'><strong>eos</strong></span> <span class='ocrx_word' id='word_1_73' title='bbox 355 1116 476 1184; x_wconf 79' lang='lat' dir='ltr'><strong>falsum</strong></span> <span class='ocrx_word' id='word_1_74' title='bbox 497 1118 637 1203; x_wconf 83' lang='lat' dir='ltr'><strong>putare?</strong></span> <span class='ocrx_word' id='word_1_75' title='bbox 673 1118 728 1202; x_wconf 92' lang='lat' dir='ltr'><strong>qui</strong></span> <span class='ocrx_word' id='word_1_76' title='bbox 756 1117 840 1182; x_wconf 89' lang='lat' dir='ltr'><strong>enim</strong></span> <span class='ocrx_word' id='word_1_77' title='bbox 864 1118 960 1183; x_wconf 89' lang='lat' dir='ltr'><strong>citius</strong></span> <span class='ocrx_word' id='word_1_78' title='bbox 981 1119 1056 1183; x_wconf 89' lang='lat' dir='ltr'><strong>adu-</strong></span> 
     </span>
     <span class='ocr_line' id='line_1_11' title="bbox 71 1205 1056 1292; baseline 0.004 -25"><span class='ocrx_word' id='word_1_79' title='bbox 71 1205 222 1269; x_wconf 76' lang='lat' dir='ltr'><strong>essentiae</strong></span> <span class='ocrx_word' id='word_1_80' title='bbox 237 1209 385 1272; x_wconf 87' lang='lat' dir='ltr'><strong>senectus</strong></span> <span class='ocrx_word' id='word_1_81' title='bbox 396 1227 493 1291; x_wconf 90' lang='lat' dir='ltr'><strong>quam</strong></span> <span class='ocrx_word' id='word_1_82' title='bbox 507 1207 666 1292; x_wconf 87' lang='lat' dir='ltr'><strong>pueritiae</strong></span> <span class='ocrx_word' id='word_1_83' title='bbox 677 1205 895 1271; x_wconf 87' lang='lat' dir='ltr'><strong>adulescentia</strong></span> <span class='ocrx_word' id='word_1_84' title='bbox 906 1206 1056 1290; x_wconf 74' lang='lat' dir='ltr'><strong>obrepit?</strong></span> 
     </span>
     <span class='ocr_line' id='line_1_12' title="bbox 71 1291 1057 1380; baseline 0.009 -30"><span class='ocrx_word' id='word_1_85' title='bbox 71 1291 174 1357; x_wconf 80' lang='lat' dir='ltr'><strong>leinde</strong></span> <span class='ocrx_word' id='word_1_86' title='bbox 197 1294 253 1378; x_wconf 91' lang='lat' dir='ltr'><strong>qui</strong></span> <span class='ocrx_word' id='word_1_87' title='bbox 275 1293 381 1360; x_wconf 88' lang='lat' dir='ltr'><strong>minus</strong></span> <span class='ocrx_word' id='word_1_88' title='bbox 405 1295 516 1380; x_wconf 79' lang='lat' dir='ltr'><strong>gravis</strong></span> <span class='ocrx_word' id='word_1_89' title='bbox 539 1299 626 1360; x_wconf 90' lang='lat' dir='ltr'><strong>esset</strong></span> <span class='ocrx_word' id='word_1_90' title='bbox 648 1294 689 1357; x_wconf 90' lang='lat' dir='ltr'><strong>iis</strong></span> <span class='ocrx_word' id='word_1_91' title='bbox 716 1298 879 1377; x_wconf 84' lang='lat' dir='ltr'><strong>senectus,</strong></span> <span class='ocrx_word' id='word_1_92' title='bbox 906 1294 935 1357; x_wconf 88' lang='lat' dir='ltr'><strong>si</strong></span> <span class='ocrx_word' id='word_1_93' title='bbox 957 1295 1057 1359; x_wconf 92' lang='lat' dir='ltr'><strong>octin-</strong></span> 
     </span>
     <span class='ocr_line' id='line_1_13' title="bbox 72 1380 1056 1468; baseline 0.003 -25"><span class='ocrx_word' id='word_1_94' title='bbox 72 1380 266 1445; x_wconf 88' lang='lat' dir='ltr'><strong>entesimum</strong></span> <span class='ocrx_word' id='word_1_95' title='bbox 298 1404 419 1446; x_wconf 88' lang='lat' dir='ltr'><strong>annum</strong></span> <span class='ocrx_word' id='word_1_96' title='bbox 451 1385 586 1468; x_wconf 81' lang='lat' dir='ltr'><strong>agerent</strong></span> <span class='ocrx_word' id='word_1_97' title='bbox 620 1403 717 1465; x_wconf 88' lang='lat' dir='ltr'><strong>quam</strong></span> <span class='ocrx_word' id='word_1_98' title='bbox 750 1382 778 1446; x_wconf 93' lang='lat' dir='ltr'><strong>si</strong></span> <span class='ocrx_word' id='word_1_99' title='bbox 801 1381 1056 1466; x_wconf 82' lang='lat' dir='ltr'><strong>octogesimum?</strong></span> 
     </span>
     <span class='ocr_line' id='line_1_14' title="bbox 71 1468 1059 1554; baseline -0.001 -22"><span class='ocrx_word' id='word_1_100' title='bbox 71 1469 228 1533; x_wconf 83' lang='lat' dir='ltr'><strong>raetcrita</strong></span> <span class='ocrx_word' id='word_1_101' title='bbox 253 1469 339 1533; x_wconf 92' lang='lat' dir='ltr'><strong>enim</strong></span> <span class='ocrx_word' id='word_1_102' title='bbox 357 1473 452 1534; x_wconf 74' lang='lat' dir='ltr'><strong>&#39;aetas</strong></span> <span class='ocrx_word' id='word_1_103' title='bbox 482 1469 631 1553; x_wconf 70' lang='lat' dir='ltr'><strong>quamvis</strong></span> <span class='ocrx_word' id='word_1_104' title='bbox 653 1469 753 1554; x_wconf 87' lang='lat' dir='ltr'><strong>longa</strong></span> <span class='ocrx_word' id='word_1_105' title='bbox 780 1491 853 1533; x_wconf 87' lang='lat' dir='ltr'><strong>cnm</strong></span> <span class='ocrx_word' id='word_1_106' title='bbox 872 1468 1059 1550; x_wconf 84' lang='lat' dir='ltr'><strong>effluxisset,</strong></span> 
     </span>
     <span class='ocr_line' id='line_1_15' title="bbox 71 1555 1058 1640; baseline -0.002 -21"><span class='ocrx_word' id='word_1_107' title='bbox 71 1555 143 1619; x_wconf 87' lang='lat' dir='ltr'><strong>ulla</strong></span> <span class='ocrx_word' id='word_1_108' title='bbox 155 1556 335 1621; x_wconf 88' lang='lat' dir='ltr'><strong>consolatio</strong></span> <span class='ocrx_word' id='word_1_109' title='bbox 355 1557 554 1640; x_wconf 85' lang='lat' dir='ltr'><strong>permulcere</strong></span> <span class='ocrx_word' id='word_1_110' title='bbox 572 1559 685 1640; x_wconf 88' lang='lat' dir='ltr'><strong>posset</strong></span> <span class='ocrx_word' id='word_1_111' title='bbox 702 1557 839 1619; x_wconf 90' lang='lat' dir='ltr'><strong>stultam</strong></span> <span class='ocrx_word' id='word_1_112' title='bbox 852 1558 1058 1618; x_wconf 87' lang='lat' dir='ltr'><strong>senectutem.</strong></span> 
     </span>
     <span class='ocr_line' id='line_1_16' title="bbox 71 1638 1093 1727; baseline 0.003 -21"><span class='ocrx_word' id='word_1_113' title='bbox 71 1643 208 1717; x_wconf 78' lang='lat' dir='ltr'><strong>luocirca</strong></span> <span class='ocrx_word' id='word_1_114' title='bbox 231 1643 260 1708; x_wconf 88' lang='lat' dir='ltr'><strong>si</strong></span> <span class='ocrx_word' id='word_1_115' title='bbox 283 1643 478 1727; x_wconf 85' lang='lat' dir='ltr'><strong>sapientiam</strong></span> <span class='ocrx_word' id='word_1_116' title='bbox 504 1663 611 1707; x_wconf 88' lang='lat' dir='ltr'><strong>meam</strong></span> <span class='ocrx_word' id='word_1_117' title='bbox 639 1641 794 1706; x_wconf 87' lang='lat' dir='ltr'><strong>admirari</strong></span> <span class='ocrx_word' id='word_1_118' title='bbox 820 1641 933 1705; x_wconf 84' lang='lat' dir='ltr'><strong>soletis</strong></span> <span class='ocrx_word' id='word_1_119' title='bbox 962 1638 1093 1725; x_wconf 79' lang='lat' dir='ltr'><strong>(quaes</strong></span> 
     </span>
     <span class='ocr_line' id='line_1_17' title="bbox 71 1729 1058 1815; baseline -0.001 -21"><span class='ocrx_word' id='word_1_120' title='bbox 71 1730 175 1794; x_wconf 90' lang='lat' dir='ltr'><strong>tinam</strong></span> <span class='ocrx_word' id='word_1_121' title='bbox 204 1731 304 1815; x_wconf 86' lang='lat' dir='ltr'><strong>digna</strong></span> <span class='ocrx_word' id='word_1_122' title='bbox 327 1734 414 1795; x_wconf 86' lang='lat' dir='ltr'><strong>esset</strong></span> <span class='ocrx_word' id='word_1_123' title='bbox 436 1729 588 1814; x_wconf 86' lang='lat' dir='ltr'><strong>opinione</strong></span> <span class='ocrx_word' id='word_1_124' title='bbox 610 1731 720 1793; x_wconf 82' lang='lat' dir='ltr'><strong>vostra</strong></span> <span class='ocrx_word' id='word_1_125' title='bbox 741 1731 919 1811; x_wconf 88' lang='lat' dir='ltr'><strong>nostroque</strong></span> <span class='ocrx_word' id='word_1_126' title='bbox 942 1749 1058 1815; x_wconf 83' lang='lat' dir='ltr'><strong>cogno-</strong></span> 
     </span>
     <span class='ocr_line' id='line_1_18' title="bbox 71 1816 1059 1904; baseline -0.002 -22"><span class='ocrx_word' id='word_1_127' title='bbox 71 1816 174 1904; x_wconf 81' lang='lat' dir='ltr'><strong>iinel),</strong></span> <span class='ocrx_word' id='word_1_128' title='bbox 189 1819 225 1881; x_wconf 90' lang='lat' dir='ltr'><strong>in</strong></span> <span class='ocrx_word' id='word_1_129' title='bbox 237 1819 300 1882; x_wconf 91' lang='lat' dir='ltr'><strong>hoc</strong></span> <span class='ocrx_word' id='word_1_130' title='bbox 318 1839 428 1882; x_wconf 88' lang='lat' dir='ltr'><strong>sumus</strong></span> <span class='ocrx_word' id='word_1_131' title='bbox 443 1816 615 1901; x_wconf 85' lang='lat' dir='ltr'><strong>sapientes,</strong></span> <span class='ocrx_word' id='word_1_132' title='bbox 627 1816 714 1900; x_wconf 88' lang='lat' dir='ltr'><strong>quod</strong></span> <span class='ocrx_word' id='word_1_133' title='bbox 725 1819 878 1881; x_wconf 87' lang='lat' dir='ltr'><strong>naturam</strong></span> <span class='ocrx_word' id='word_1_134' title='bbox 891 1820 1059 1900; x_wconf 89' lang='lat' dir='ltr'><strong>optumam</strong></span> 
     </span>
     <span class='ocr_line' id='line_1_19' title="bbox 70 1903 1060 1989; baseline -0.001 -19"><span class='ocrx_word' id='word_1_135' title='bbox 70 1927 165 1971; x_wconf 86' lang='lat' dir='ltr'><strong>noem</strong></span> <span class='ocrx_word' id='word_1_136' title='bbox 183 1908 353 1987; x_wconf 80' lang='lat' dir='ltr'><strong>tamquam</strong></span> <span class='ocrx_word' id='word_1_137' title='bbox 372 1904 466 1968; x_wconf 90' lang='lat' dir='ltr'><strong>deum</strong></span> <span class='ocrx_word' id='word_1_138' title='bbox 485 1904 650 1988; x_wconf 85' lang='lat' dir='ltr'><strong>sequimur</strong></span> <span class='ocrx_word' id='word_1_139' title='bbox 668 1903 760 1987; x_wconf 89' lang='lat' dir='ltr'><strong>eique</strong></span> <span class='ocrx_word' id='word_1_140' title='bbox 774 1924 939 1988; x_wconf 84' lang='lat' dir='ltr'><strong>paremus3</strong></span> <span class='ocrx_word' id='word_1_141' title='bbox 961 1925 1060 1989; x_wconf 89' lang='lat' dir='ltr'><strong>aqua</strong></span> 
     </span>
     <span class='ocr_line' id='line_1_20' title="bbox 71 1991 1059 2076; baseline -0.003 -18"><span class='ocrx_word' id='word_1_142' title='bbox 71 2015 117 2059; x_wconf 93' lang='lat' dir='ltr'><strong>on</strong></span> <span class='ocrx_word' id='word_1_143' title='bbox 139 1991 338 2057; x_wconf 86' lang='lat' dir='ltr'><strong>verisimile</strong></span> <span class='ocrx_word' id='word_1_144' title='bbox 362 1995 425 2075; x_wconf 84' lang='lat' dir='ltr'><strong>est,</strong></span> <span class='ocrx_word' id='word_1_145' title='bbox 456 2013 529 2057; x_wconf 88' lang='lat' dir='ltr'><strong>cum</strong></span> <span class='ocrx_word' id='word_1_146' title='bbox 556 1993 680 2057; x_wconf 88' lang='lat' dir='ltr'><strong>ceterae</strong></span> <span class='ocrx_word' id='word_1_147' title='bbox 702 1993 814 2076; x_wconf 88' lang='lat' dir='ltr'><strong>partes</strong></span> <span class='ocrx_word' id='word_1_148' title='bbox 838 1991 955 2056; x_wconf 87' lang='lat' dir='ltr'><strong>aetatis</strong></span> <span class='ocrx_word' id='word_1_149' title='bbox 977 1992 1059 2056; x_wconf 88' lang='lat' dir='ltr'><strong>bene</strong></span> 
     </span>
     <span class='ocr_line' id='line_1_21' title="bbox 71 2078 1059 2164; baseline 0 -20"><span class='ocrx_word' id='word_1_150' title='bbox 71 2078 228 2163; x_wconf 87' lang='lat' dir='ltr'><strong>iscriptac</strong></span> <span class='ocrx_word' id='word_1_151' title='bbox 251 2079 331 2163; x_wconf 86' lang='lat' dir='ltr'><strong>sint,</strong></span> <span class='ocrx_word' id='word_1_152' title='bbox 360 2083 539 2144; x_wconf 85' lang='lat' dir='ltr'><strong>extremum</strong></span> <span class='ocrx_word' id='word_1_153' title='bbox 565 2083 674 2144; x_wconf 86' lang='lat' dir='ltr'><strong>actum</strong></span> <span class='ocrx_word' id='word_1_154' title='bbox 701 2082 870 2164; x_wconf 78' lang='lat' dir='ltr'><strong>tamquam</strong></span> <span class='ocrx_word' id='word_1_155' title='bbox 893 2079 935 2144; x_wconf 93' lang='lat' dir='ltr'><strong>ab</strong></span> <span class='ocrx_word' id='word_1_156' title='bbox 962 2079 1059 2145; x_wconf 89' lang='lat' dir='ltr'><strong>inerti</strong></span> 
     </span>
     <span class='ocr_line' id='line_1_22' title="bbox 71 2165 1125 2252; baseline -0.003 -19"><span class='ocrx_word' id='word_1_157' title='bbox 71 2169 148 2233; x_wconf 85' lang='lat' dir='ltr'><strong>o‘e‘ta</strong></span> <span class='ocrx_word' id='word_1_158' title='bbox 171 2187 242 2232; x_wconf 86' lang='lat' dir='ltr'><strong>esse</strong></span> <span class='ocrx_word' id='word_1_159' title='bbox 268 2167 462 2252; x_wconf 83' lang='lat' dir='ltr'><strong>neglectum.</strong></span> <span class='ocrx_word' id='word_1_160' title='bbox 506 2165 569 2232; x_wconf 85' lang='lat' dir='ltr'><strong>Sed</strong></span> <span class='ocrx_word' id='word_1_161' title='bbox 600 2171 711 2232; x_wconf 81' lang='lat' dir='ltr'><strong>tamen</strong></span> <span class='ocrx_word' id='word_1_162' title='bbox 741 2188 871 2234; x_wconf 87' lang='lat' dir='ltr'><strong>necesse</strong></span> <span class='ocrx_word' id='word_1_163' title='bbox 897 2167 962 2232; x_wconf 81' lang='lat' dir='ltr'><strong>fuit</strong></span> <span class='ocrx_word' id='word_1_164' title='bbox 989 2189 1059 2233; x_wconf 86' lang='lat' dir='ltr'><strong>esse</strong></span> <span class='ocrx_word' id='word_1_165' title='bbox 1121 2222 1125 2230; x_wconf 92' lang='lat'>.</span> 
     </span>
     <span class='ocr_line' id='line_1_23' title="bbox 71 2253 1059 2338; baseline 0.001 -19"><span class='ocrx_word' id='word_1_166' title='bbox 71 2253 175 2338; x_wconf 92' lang='lat' dir='ltr'><strong>liquid</strong></span> <span class='ocrx_word' id='word_1_167' title='bbox 198 2257 378 2320; x_wconf 85' lang='lat' dir='ltr'><strong>extremum</strong></span> <span class='ocrx_word' id='word_1_168' title='bbox 401 2259 434 2319; x_wconf 89' lang='lat' dir='ltr'><strong>et</strong></span> <span class='ocrx_word' id='word_1_169' title='bbox 455 2260 623 2338; x_wconf 89' lang='lat' dir='ltr'><strong>tamquam</strong></span> <span class='ocrx_word' id='word_1_170' title='bbox 645 2255 681 2321; x_wconf 90' lang='lat' dir='ltr'><strong>in</strong></span> <span class='ocrx_word' id='word_1_171' title='bbox 703 2256 857 2322; x_wconf 87' lang='lat' dir='ltr'><strong>arborum</strong></span> <span class='ocrx_word' id='word_1_172' title='bbox 881 2256 970 2322; x_wconf 86' lang='lat' dir='ltr'><strong>bacis</strong></span> <span class='ocrx_word' id='word_1_173' title='bbox 996 2259 1059 2321; x_wconf 89' lang='lat' dir='ltr'><strong>ter-</strong></span> 
     </span>
     <span class='ocr_line' id='line_1_24' title="bbox 71 2341 1059 2429; baseline 0.003 -22"><span class='ocrx_word' id='word_1_174' title='bbox 71 2364 169 2426; x_wconf 88' lang='lat' dir='ltr'><strong>aeque</strong></span> <span class='ocrx_word' id='word_1_175' title='bbox 191 2341 353 2408; x_wconf 86' lang='lat' dir='ltr'><strong>fructibus</strong></span> <span class='ocrx_word' id='word_1_176' title='bbox 374 2343 565 2408; x_wconf 88' lang='lat' dir='ltr'><strong>maturitate</strong></span> <span class='ocrx_word' id='word_1_177' title='bbox 592 2343 790 2427; x_wconf 78' lang='lat' dir='ltr'><strong>tempestiva</strong></span> <span class='ocrx_word' id='word_1_178' title='bbox 816 2344 910 2429; x_wconf 89' lang='lat' dir='ltr'><strong>quasi</strong></span> <span class='ocrx_word' id='word_1_179' title='bbox 936 2344 1059 2410; x_wconf 83' lang='lat' dir='ltr'><strong>vietum</strong></span> 
     </span>
     <span class='ocr_line' id='line_1_25' title="bbox 72 2428 1060 2514; baseline 0 -20"><span class='ocrx_word' id='word_1_180' title='bbox 72 2434 87 2493; x_wconf 95' lang='lat' dir='ltr'><strong>t</strong></span> <span class='ocrx_word' id='word_1_181' title='bbox 104 2430 267 2514; x_wconf 82' lang='lat' dir='ltr'><strong>caducum,</strong></span> <span class='ocrx_word' id='word_1_182' title='bbox 286 2428 372 2514; x_wconf 88' lang='lat' dir='ltr'><strong>quod</strong></span> <span class='ocrx_word' id='word_1_183' title='bbox 384 2430 556 2495; x_wconf 83' lang='lat' dir='ltr'><strong>ferundum</strong></span> <span class='ocrx_word' id='word_1_184' title='bbox 570 2432 620 2494; x_wconf 90' lang='lat' dir='ltr'><strong>est</strong></span> <span class='ocrx_word' id='word_1_185' title='bbox 634 2430 778 2494; x_wconf 89' lang='lat' dir='ltr'><strong>molliter</strong></span> <span class='ocrx_word' id='word_1_186' title='bbox 797 2431 945 2514; x_wconf 80' lang='lat' dir='ltr'><strong>sapienti.</strong></span> <span class='ocrx_word' id='word_1_187' title='bbox 975 2430 1060 2506; x_wconf 84' lang='lat' dir='ltr'><strong>Quid</strong></span> 
     </span>
     <span class='ocr_line' id='line_1_26' title="bbox 71 2515 1060 2603; baseline 0.005 -28"><span class='ocrx_word' id='word_1_188' title='bbox 71 2521 104 2582; x_wconf 84' lang='lat' dir='ltr'><strong>st</strong></span> <span class='ocrx_word' id='word_1_189' title='bbox 126 2518 211 2583; x_wconf 86' lang='lat' dir='ltr'><strong>enim</strong></span> <span class='ocrx_word' id='word_1_190' title='bbox 235 2516 324 2582; x_wconf 89' lang='lat' dir='ltr'><strong>aliud</strong></span> <span class='ocrx_word' id='word_1_191' title='bbox 348 2515 527 2603; x_wconf 74' lang='lat' dir='ltr'><strong>Gigantum</strong></span> <span class='ocrx_word' id='word_1_192' title='bbox 550 2516 646 2581; x_wconf 93' lang='lat' dir='ltr'><strong>modo</strong></span> <span class='ocrx_word' id='word_1_193' title='bbox 669 2516 793 2580; x_wconf 86' lang='lat' dir='ltr'><strong>bellare</strong></span> <span class='ocrx_word' id='word_1_194' title='bbox 820 2538 893 2583; x_wconf 89' lang='lat' dir='ltr'><strong>oum</strong></span> <span class='ocrx_word' id='word_1_195' title='bbox 920 2517 969 2581; x_wconf 90' lang='lat' dir='ltr'><strong>dis</strong></span> <span class='ocrx_word' id='word_1_196' title='bbox 995 2517 1060 2580; x_wconf 89' lang='lat' dir='ltr'><strong>nisi</strong></span> 
     </span>
     <span class='ocr_line' id='line_1_27' title="bbox 71 2606 418 2692; baseline 0.006 -24"><span class='ocrx_word' id='word_1_197' title='bbox 71 2609 186 2671; x_wconf 72' lang='lat' dir='ltr'><strong>laturae</strong></span> <span class='ocrx_word' id='word_1_198' title='bbox 208 2606 418 2692; x_wconf 77' lang='lat' dir='ltr'><strong>repugnare?</strong></span> 
     </span>
    </p>

    <p class='ocr_par' dir='ltr' id='par_1_3' title="bbox 71 2689 1094 3128">
     <span class='ocr_line' id='line_1_28' title="bbox 117 2689 1094 2777; baseline 0.001 -17"><span class='ocrx_word' id='word_1_199' title='bbox 117 2695 261 2760; x_wconf 68' lang='lat' dir='ltr'><strong>Lunares.</strong></span> <span class='ocrx_word' id='word_1_200' title='bbox 298 2692 409 2777; x_wconf 81' lang='lat' dir='ltr'><strong>Atqui,</strong></span> <span class='ocrx_word' id='word_1_201' title='bbox 429 2690 521 2777; x_wconf 79' lang='lat' dir='ltr'><strong>Cato,</strong></span> <span class='ocrx_word' id='word_1_202' title='bbox 539 2689 762 2776; x_wconf 85' lang='lat' dir='ltr'><strong>gratissimum</strong></span> <span class='ocrx_word' id='word_1_203' title='bbox 781 2691 885 2775; x_wconf 87' lang='lat' dir='ltr'><strong>nobis,</strong></span> <span class='ocrx_word' id='word_1_204' title='bbox 904 2695 943 2756; x_wconf 90' lang='lat' dir='ltr'><strong>ut</strong></span> <span class='ocrx_word' id='word_1_205' title='bbox 961 2692 1059 2757; x_wconf 88' lang='lat' dir='ltr'><strong>etiam</strong></span> <span class='ocrx_word' id='word_1_206' title='bbox 1078 2712 1094 2761; x_wconf 83' lang='lat' dir='ltr'><strong>o</strong></span> 
     </span>
     <span class='ocr_line' id='line_1_29' title="bbox 71 2779 1060 2866; baseline 0.002 -23"><span class='ocrx_word' id='word_1_207' title='bbox 71 2803 111 2846; x_wconf 72' lang='lat' dir='ltr'><strong>»ro</strong></span> <span class='ocrx_word' id='word_1_208' title='bbox 135 2779 284 2866; x_wconf 85' lang='lat' dir='ltr'><strong>Scipione</strong></span> <span class='ocrx_word' id='word_1_209' title='bbox 307 2780 472 2865; x_wconf 83' lang='lat' dir='ltr'><strong>pollicear,</strong></span> <span class='ocrx_word' id='word_1_210' title='bbox 494 2779 619 2865; x_wconf 80' lang='lat' dir='ltr'><strong>leceris,</strong></span> <span class='ocrx_word' id='word_1_211' title='bbox 641 2779 684 2864; x_wconf 83' lang='lat' dir='ltr'><strong>si,</strong></span> <span class='ocrx_word' id='word_1_212' title='bbox 707 2779 860 2865; x_wconf 91' lang='lat' dir='ltr'><strong>quoniam</strong></span> <span class='ocrx_word' id='word_1_213' title='bbox 882 2801 1060 2866; x_wconf 87' lang='lat' dir='ltr'><strong>speramus,</strong></span> 
     </span>
     <span class='ocr_line' id='line_1_30' title="bbox 71 2867 1059 2952; baseline 0.002 -20"><span class='ocrx_word' id='word_1_214' title='bbox 71 2869 202 2934; x_wconf 82' lang='lat' dir='ltr'><strong>olumus</strong></span> <span class='ocrx_word' id='word_1_215' title='bbox 231 2868 360 2952; x_wconf 88' lang='lat' dir='ltr'><strong>quidem</strong></span> <span class='ocrx_word' id='word_1_216' title='bbox 387 2872 474 2934; x_wconf 86' lang='lat' dir='ltr'><strong>certe</strong></span> <span class='ocrx_word' id='word_1_217' title='bbox 501 2887 594 2933; x_wconf 86' lang='lat' dir='ltr'><strong>senes</strong></span> <span class='ocrx_word' id='word_1_218' title='bbox 620 2867 705 2951; x_wconf 85' lang='lat' dir='ltr'><strong>fieri,</strong></span> <span class='ocrx_word' id='word_1_219' title='bbox 736 2869 840 2934; x_wconf 89' lang='lat' dir='ltr'><strong>multo</strong></span> <span class='ocrx_word' id='word_1_220' title='bbox 873 2872 947 2933; x_wconf 85' lang='lat' dir='ltr'><strong>ante</strong></span> <span class='ocrx_word' id='word_1_221' title='bbox 980 2891 999 2934; x_wconf 93' lang='lat' dir='ltr'><strong>a</strong></span> <span class='ocrx_word' id='word_1_222' title='bbox 1026 2873 1059 2934; x_wconf 91' lang='lat' dir='ltr'><strong>te</strong></span> 
     </span>
     <span class='ocr_line' id='line_1_31' title="bbox 71 2954 1060 3042; baseline 0.002 -23"><span class='ocrx_word' id='word_1_223' title='bbox 71 2955 267 3039; x_wconf 88' lang='lat' dir='ltr'><strong>lidicerimus,</strong></span> <span class='ocrx_word' id='word_1_224' title='bbox 281 2956 399 3040; x_wconf 90' lang='lat' dir='ltr'><strong>quibus</strong></span> <span class='ocrx_word' id='word_1_225' title='bbox 412 2954 567 3022; x_wconf 87' lang='lat' dir='ltr'><strong>facillime</strong></span> <span class='ocrx_word' id='word_1_226' title='bbox 581 2955 763 3023; x_wconf 83' lang='lat' dir='ltr'><strong>rationibus</strong></span> <span class='ocrx_word' id='word_1_227' title='bbox 780 2956 1060 3042; x_wconf 81' lang='lat' dir='ltr'><strong>ingravescentem</strong></span> 
     </span>
     <span class='ocr_line' id='line_1_32' title="bbox 71 3044 496 3128; baseline 0.005 -21"><span class='ocrx_word' id='word_1_228' title='bbox 71 3048 194 3109; x_wconf 80' lang='lat' dir='ltr'><strong>statem</strong></span> <span class='ocrx_word' id='word_1_229' title='bbox 217 3044 301 3108; x_wconf 84' lang='lat' dir='ltr'><strong>ferre</strong></span> <span class='ocrx_word' id='word_1_230' title='bbox 324 3044 496 3128; x_wconf 87' lang='lat' dir='ltr'><strong>possimus.</strong></span> 
     </span>
    </p>

    <p class='ocr_par' dir='ltr' id='par_1_4' title="bbox 71 3130 1060 3305">
     <span class='ocr_line' id='line_1_33' title="bbox 118 3130 1060 3216; baseline -0.003 -19"><span class='ocrx_word' id='word_1_231' title='bbox 118 3131 206 3198; x_wconf 69' lang='lat' dir='ltr'><strong>Osco.</strong></span> <span class='ocrx_word' id='word_1_232' title='bbox 246 3130 379 3197; x_wconf 80' lang='lat' dir='ltr'><strong>Faciam</strong></span> <span class='ocrx_word' id='word_1_233' title='bbox 409 3152 501 3216; x_wconf 82' lang='lat' dir='ltr'><strong>vero,</strong></span> <span class='ocrx_word' id='word_1_234' title='bbox 531 3130 637 3214; x_wconf 86' lang='lat' dir='ltr'><strong>Laeli,</strong></span> <span class='ocrx_word' id='word_1_235' title='bbox 658 3130 852 3214; x_wconf 86' lang='lat' dir='ltr'><strong>praesertim</strong></span> <span class='ocrx_word' id='word_1_236' title='bbox 875 3132 904 3196; x_wconf 87' lang='lat' dir='ltr'><strong>si</strong></span> <span class='ocrx_word' id='word_1_237' title='bbox 930 3131 1060 3215; x_wconf 87' lang='lat' dir='ltr'><strong>utrique</strong></span> 
     </span>
     <span class='ocr_line' id='line_1_34' title="bbox 71 3217 781 3305; baseline -0.001 -22"><span class='ocrx_word' id='word_1_238' title='bbox 71 3223 207 3302; x_wconf 73' lang='lat' dir='ltr'><strong>cetrum,</strong></span> <span class='ocrx_word' id='word_1_239' title='bbox 228 3222 266 3283; x_wconf 90' lang='lat' dir='ltr'><strong>ut</strong></span> <span class='ocrx_word' id='word_1_240' title='bbox 289 3219 378 3305; x_wconf 86' lang='lat' dir='ltr'><strong>dicis,</strong></span> <span class='ocrx_word' id='word_1_241' title='bbox 401 3223 532 3305; x_wconf 78' lang='lat' dir='ltr'><strong>gratum</strong></span> <span class='ocrx_word' id='word_1_242' title='bbox 553 3217 701 3283; x_wconf 86' lang='lat' dir='ltr'><strong>futurum</strong></span> <span class='ocrx_word' id='word_1_243' title='bbox 723 3223 781 3282; x_wconf 89' lang='lat' dir='ltr'><strong>est.</strong></span> 
     </span>
    </p>

    <p class='ocr_par' dir='ltr' id='par_1_5' title="bbox 71 3302 1060 3636">
     <span class='ocr_line' id='line_1_35' title="bbox 118 3302 1060 3389; baseline -0.008 -17"><span class='ocrx_word' id='word_1_244' title='bbox 118 3307 263 3373; x_wconf 64' lang='lat' dir='ltr'><strong>Lanatus.</strong></span> <span class='ocrx_word' id='word_1_245' title='bbox 299 3305 461 3373; x_wconf 87' lang='lat' dir='ltr'><strong>Volumus</strong></span> <span class='ocrx_word' id='word_1_246' title='bbox 484 3327 575 3389; x_wconf 85' lang='lat' dir='ltr'><strong>sane,</strong></span> <span class='ocrx_word' id='word_1_247' title='bbox 600 3305 665 3369; x_wconf 91' lang='lat' dir='ltr'><strong>nisi</strong></span> <span class='ocrx_word' id='word_1_248' title='bbox 686 3306 861 3370; x_wconf 90' lang='lat' dir='ltr'><strong>molestum</strong></span> <span class='ocrx_word' id='word_1_249' title='bbox 882 3310 945 3387; x_wconf 88' lang='lat' dir='ltr'><strong>est,</strong></span> <span class='ocrx_word' id='word_1_250' title='bbox 968 3302 1060 3384; x_wconf 86' lang='lat' dir='ltr'><strong>Oato,</strong></span> 
     </span>
     <span class='ocr_line' id='line_1_36' title="bbox 71 3387 1059 3481; baseline -0.006 -23"><span class='ocrx_word' id='word_1_251' title='bbox 71 3415 223 3479; x_wconf 86' lang='lat' dir='ltr'><strong>amquam</strong></span> <span class='ocrx_word' id='word_1_252' title='bbox 235 3396 369 3481; x_wconf 83' lang='lat' dir='ltr'><strong>longam</strong></span> <span class='ocrx_word' id='word_1_253' title='bbox 383 3395 527 3479; x_wconf 87' lang='lat' dir='ltr'><strong>aliquam</strong></span> <span class='ocrx_word' id='word_1_254' title='bbox 540 3392 629 3458; x_wconf 87' lang='lat' dir='ltr'><strong>viam</strong></span> <span class='ocrx_word' id='word_1_255' title='bbox 642 3392 826 3476; x_wconf 76' lang='lat' dir='ltr'><strong>confeceris,</strong></span> <span class='ocrx_word' id='word_1_256' title='bbox 849 3413 947 3476; x_wconf 91' lang='lat' dir='ltr'><strong>quam</strong></span> <span class='ocrx_word' id='word_1_257' title='bbox 964 3387 1059 3452; x_wconf 88' lang='lat' dir='ltr'><strong>nobis</strong></span> 
     </span>
     <span class='ocr_line' id='line_1_37' title="bbox 71 3474 1059 3568; baseline -0.009 -20"><span class='ocrx_word' id='word_1_258' title='bbox 71 3504 181 3567; x_wconf 45' lang='lat' dir='ltr'><strong>‚uoque</strong></span> <span class='ocrx_word' id='word_1_259' title='bbox 203 3482 452 3568; x_wconf 76' lang='lat' dir='ltr'><strong>ingrediundum</strong></span> <span class='ocrx_word' id='word_1_260' title='bbox 471 3482 524 3566; x_wconf 89' lang='lat' dir='ltr'><strong>sit,</strong></span> <span class='ocrx_word' id='word_1_261' title='bbox 545 3480 639 3567; x_wconf 87' lang='lat' dir='ltr'><strong>istuc,</strong></span> <span class='ocrx_word' id='word_1_262' title='bbox 662 3502 726 3566; x_wconf 86' lang='lat' dir='ltr'><strong>quo</strong></span> <span class='ocrx_word' id='word_1_263' title='bbox 744 3477 930 3566; x_wconf 82' lang='lat' dir='ltr'><strong>pervenisti,</strong></span> <span class='ocrx_word' id='word_1_264' title='bbox 951 3474 1059 3540; x_wconf 80' lang='lat' dir='ltr'><strong>videre</strong></span> 
     </span>
     <span class='ocr_line' id='line_1_38' title="bbox 74 3569 224 3636; baseline 0 0"><span class='ocrx_word' id='word_1_265' title='bbox 74 3572 147 3636; x_wconf 86' lang='lat' dir='ltr'><strong>uale</strong></span> <span class='ocrx_word' id='word_1_266' title='bbox 173 3569 224 3636; x_wconf 88' lang='lat' dir='ltr'><strong>sit.</strong></span> 
     </span>
    </p>
   </div>
   <div class='ocr_carea' id='block_1_3' title="bbox 0 0 1203 4126">
    <p class='ocr_par' dir='ltr' id='par_1_6' title="bbox 0 0 1203 4126">
     <span class='ocr_line' id='line_1_39' title="bbox 0 0 1203 4126; baseline 0 0"><span class='ocrx_word' id='word_1_267' title='bbox 0 0 1203 4126; x_wconf 95' lang='lat' dir='ltr'><strong> </strong></span> 
     </span>
    </p>
   </div>
  </div>
 </body>
</html>
