2408 4124
151 266 216 331 206
555 262 755 321 menon

151 424 383 491 coniurationis
401 447 422 490 a
435 423 597 491 Catilinae
614 425 709 490 furiis
723 426 765 490 ad
777 429 875 491 tuum
889 429 1001 494 scelus
1012 432 1073 496 furo
1090 477 1093 486 ,
1146 470 1152 477 -

99 532 132 581 ee
152 538 214 599 quo
242 535 430 598 conversae,
456 534 522 579 non
549 513 664 579 civitas
695 518 775 578 erat
819 514 943 599 Itaque
969 519 1071 603 pulsus
1149 550 1152 555 ·

152 604 283 668 civitate
306 624 372 668 non
394 624 479 685 sum,
503 622 584 686 quae
606 602 698 666 nulla
721 605 807 686 erat,
830 605 1012 671 accersitus
1022 606 1062 671 -in
1082 649 1088 661 t
1115 643 1119 656 ε

150 696 253 757 tatem
276 712 364 775 sum,
386 711 459 755 cum
482 694 569 755 esset
590 690 626 754 in
647 712 683 755 re
706 690 838 775 publica
861 695 996 780 consul,
1015 694 1065 779 qui
1086 727 1112 769 ῃ

149 782 258 845 nullus
281 779 400 860 fuerat,
424 782 511 843 esset
534 781 678 861 senatus,
702 779 758 862 qui
779 782 853 845 turn
876 782 1051 866 occiderat,
1074 797 1115 848 ιὰ
1150 808 1153 813 ·

149 888 323 935 cousensus
346 866 459 950 populi
483 866 574 950 liber,
597 870 683 932 esset
704 866 784 931 iuris
808 871 842 932 et
865 871 1055 956 aequitalis,
1077 907 1079 926 ι
1150 906 1156 915 -

151 957 258 1021 vincla
276 957 352 1018 sunt
370 954 521 1036 civitatis,
540 955 680 1040 repetite
697 955 863 1021 memoria.
894 956 949 1023 Ac
967 959 1046 1045 vide,
1066 989 1084 1014 κ
1114 974 1115 978 ’

150 1044 216 1108 isto
242 1042 290 1105 tui
318 1042 481 1108 latrocinii
507 1043 576 1108 tela
602 1044 862 1128 contempserim
907 1045 1035 1113 Iactum
1056 1046 1114 1113 et'
1153 1104 1157 1109 .

152 1132 285 1195 missam
313 1154 333 1195 a
360 1134 392 1195 tc
419 1130 578 1195 nefariam
604 1132 640 1195 in
665 1153 717 1197 me
744 1131 899 1197 iniuriam
921 1155 1049 1221 sempor
1076 1159 1116 1191 o«

151 1218 334 1302 pervenisse
362 1219 403 1283 ad
430 1241 482 1284 me
508 1241 685 1303 numquam
711 1220 839 1305 putari,
867 1220 937 1287 nisi
963 1223 1059 1303 forte,
1084 1245 1117 1278 rt

152 1306 291 1391 parietes
319 1307 527 1372 disturbabas
555 1312 612 1372 aut
639 1330 712 1373 cum
738 1307 835 1373 tectis
864 1310 1042 1377 sceleratae
1076 1339 1119 1367 w«

151 1394 326 1479 inserebas,
354 1417 500 1460 meorum
527 1396 650 1480 aliquid
677 1418 771 1460 ruere
793 1400 851 1461 aut
873 1398 1054 1485 deflagrare
1086 1434 1103 1450 1*

97 1484 292 1549 retrabere.
336 1482 429 1548 Nihil
456 1506 560 1568 neque
586 1506 694 1549 meum
722 1487 772 1549 est
798 1505 905 1570 neque
936 1489 1030 1571 quoi
1043 1518 1080 1545 t..
1119 1554 1122 1558 .

151 1572 237 1655 quod
259 1570 389 1655 auferri,
413 1572 498 1655 quod
521 1572 611 1656 eripi,
635 1572 720 1657 quod
741 1572 851 1638 amitti
867 1577 994 1658 potest.
1028 1574 1060 1642 Si
1081 1608 1090 1632 o
1103 1601 1104 1628 2

150 1661 322 1745 eripuisses
346 1660 489 1725 divinam
513 1660 613 1724 animi
633 1660 697 1725 mei
714 1660 948 1727 conscientiam
966 1664 1048 1730 meis
1062 1660 1123 1745 crr'q

149 1748 286 1832 vigiliis,
318 1749 462 1813 consiliis
490 1752 577 1812 stare
605 1751 638 1813 te
664 1748 861 1815 invitissimo
887 1773 961 1815 rem
987 1752 1123 1839 publicar,

150 1836 178 1897 si
201 1835 297 1899 liuius
320 1836 444 1901 aeterni
466 1836 614 1901 beneficii
636 1836 844 1903 inmortalem
865 1838 1125 1907 memoriamdeb

149 1923 265 2007 visscs,
298 1924 401 1989 multo
430 1923 529 1989 etiam
561 1924 681 2010 magis,
713 1925 741 1989 si
767 1925 859 1989 illam
886 1932 1046 2015 mentem,
1071 1924 1125 1993 md

148 2010 228 2077 hooc
252 2012 387 2077 consilia
410 2016 593 2097 manarunt,
616 2012 697 2077 mihi
719 2012 907 2099 eripuisses,
929 2019 1005 2082 tum
1027 2038 1082 2104 ego
1096 2033 1125 2079 so

149 2100 272 2183 cepisse
294 2122 346 2164 me
367 2102 537 2165 confiterer
554 2101 716 2165 iniuriam.
747 2099 810 2165 Sed
828 2102 857 2166 si
874 2102 957 2169 haec
974 2127 1038 2171 nec
1051 2096 1126 2170 fedei

148 2207 207 2251 noc
232 2187 339 2251 faeere
365 2188 517 2271 potuisti,
549 2188 689 2253 reditum
721 2188 802 2253 mihi
832 2190 1017 2275 gloriosum
1041 2188 1127 2257 inim

148 2276 207 2337 tuo
225 2272 321 2356 dedit,
343 2294 410 2337 non
428 2274 550 2338 exitum
568 2275 803 2343 calamitosum.
838 2277 931 2363 Ergo
948 2302 1015 2367 ,ego
1033 2294 1127 2365 semp!

148 2361 241 2445 civis,
274 2364 307 2425 et
334 2364 405 2426 tum
432 2361 584 2447 maxime,
616 2385 688 2429 cum
720 2385 827 2430 meam
856 2367 999 2432 salutern
1027 2370 1126 2435 senatu

148 2449 267 2515 exteris
294 2450 481 2516 nationibus
508 2456 545 2516 ut
571 2450 650 2517 civis
678 2454 804 2538 optumi
830 2456 1128 2541 commendabattr

147 2561 187 2604 ne
209 2560 295 2604 nunc
318 2539 461 2625 quidem,
489 2539 554 2604 nisi
580 2541 665 2605 forte
687 2541 772 2606 idem
795 2541 901 2607 hostis
924 2565 998 2609 esse
1021 2549 1055 2611 et
1074 2540 1127 2609 ciri

108 2698 116 2725 ς
147 2632 266 2713 potest.
312 2627 365 2693 An
387 2633 425 2694 tu
447 2628 550 2694 civem
577 2630 618 2694 ab
645 2629 740 2694 hoste
766 2633 885 2695 natura
912 2653 952 2696 ac
979 2634 1065 2717 loco,
1085 2648 1130 2727 no?

107 2700 257 2780 lanimo
283 2714 444 2800 factisque
471 2717 667 2803 distinguis?
713 2715 851 2783 Caedem
878 2719 912 2782 in
938 2719 1014 2786 foro
1041 2720 1130 2795 fedis

95 2772 129 2821 ³⁰
148 2802 283 2867 armatis
301 2803 484 2868 latronibus
505 2807 629 2890 templa
646 2805 789 2889 tenuisti,
812 2807 1017 2891 privatorum
1036 2809 1131 2881 domos

148 2889 242 2956 aedes
266 2911 374 2954 sacros
401 2892 581 2957 incendisti.
627 2892 692 2960 Gur
714 2894 821 2959 hostis
843 2892 1036 2982 Spartacus,
1064 2896 1132 2961 sis

147 2977 249 3044 civis?
293 2977 391 3043 Potes
416 2985 525 3046 autem
548 3003 618 3046 esse
639 2986 677 3047 tu
701 2982 794 3066 civis,
820 2986 957 3067 propter
980 3007 1077 3070 quem
1095 2980 1133 3049 ali

148 3066 275 3152 quando
299 3067 413 3133 civitas
436 3092 503 3135 non
524 3068 612 3134 fuit?
636 3073 669 3134 et
691 3091 743 3135 me
765 3074 822 3135 tuo
844 3071 977 3136 nomine
1000 3072 1157 3159 appellnt

147 3178 220 3222 cum
230 3178 341 3223 omnes
351 3180 423 3224 meo
439 3158 581 3223 discessu
595 3159 742 3223 exulasse
756 3180 825 3223 rem
838 3158 1007 3244 publicam
1019 3156 1138 3247 putent?

146 3245 382 3331 Numquamne,
400 3247 498 3313 homo
513 3246 742 3331 amentissime,
755 3251 789 3311 te
803 3247 1053 3335 circumspicies,
1068 3268 1141 3315 num·

145 3356 259 3488 ab
275 3334 983 3508 {libellifius{bimbani
992 3332 1157 3492 llud«

147 3510 188 3574 ob
216 3510 493 3594 praeclarissimas
520 3531 572 3575 res
602 3535 621 3577 a
644 3534 695 3576 me
719 3474 924 3599 gestas’esse
947 3512 1152 3601 susceptum?

78 3610 125 3668 'el
146 3596 265 3663 Omnes
285 3597 434 3663 scelerati
453 3602 550 3681 etque
569 3599 670 3685 impii,
689 3622 827 3685 quorum
845 3604 882 3666 tu
900 3604 934 3664 te
953 3601 1073 3670 ducem
1092 3622 1156 3670 esse
