2394 4126
410 260 457 331 IV,
474 262 510 316 v.
538 267 553 328 s
571 268 685 317 ar-sa
986 263 1050 328 207

67 421 213 506 rofiteris,
238 442 318 505 quos
341 421 431 507 leges
454 422 551 487 exilio
575 422 670 488 adfici
690 422 812 505 volunt,
836 423 945 487 exules
965 427 1051 507 sunt,
1085 452 1088 457 ·

67 506 172 575 tiamsi
183 510 296 575 solum
315 531 381 575 non
398 513 576 576 mutarunt.
608 511 670 595 An,
689 532 761 575 cum
781 531 892 575 omnes
911 514 944 574 te
959 511 1049 596 leges

67 598 169 663 iulum
197 619 267 662 esse
295 598 459 664 iubeant.
483 648 490 664 .
513 647 521 663 .
545 597 599 680 .†
626 599 770 683 appellet
799 598 962 681 inimicus,
995 599 1050 682 qui

67 704 116 751 um
137 686 204 751 talo
226 685 347 751 fuerit?
388 687 476 752 Ante
500 690 647 751 senatum
670 691 728 752 tua
756 687 823 751 sica
850 686 1051 770 deprehensa

67 775 104 838 tt
138 772 199 849 Qui
221 774 385 839 hominem
407 774 582 841 occiderit?
619 774 781 840 Plurimos
801 774 955 841 occidisti.
988 773 1051 850 Qui

67 861 222 927 mundium
241 861 378 928 fecerit?
424 862 524 927 Aedis
547 861 773 947 Nympharum
797 886 896 928 manu
919 866 977 927 tua
1000 863 1050 926 de·

67 950 202 1036 agravit.
246 949 310 1026 Qui
340 951 467 1036 templa
496 950 723 1036 occupaverit?
768 950 807 1016 In
838 951 909 1016 foro
943 954 1051 1016 castra

67 1038 190 1103 osuisti.
225 1035 288 1103 Sed
311 1039 388 1124 quid
411 1060 472 1124 ego
494 1060 679 1104 communes
702 1039 791 1126 leges
814 1039 959 1124 profero,
983 1036 1050 1124 ‹jui-
1069 1055 1102 1104 32

67 1144 106 1191 us
132 1127 279 1193 omnibus
312 1148 346 1192 es
379 1126 475 1191 exul?
520 1125 806 1193 Familiarissimus
838 1132 914 1193 tuus
947 1129 985 1192 de
1017 1132 1050 1192 te

67 1212 247 1301 »livilsgium
263 1215 349 1294 tulit,
372 1218 418 1299 ut,
442 1215 471 1279 si
492 1215 527 1279 in
545 1220 694 1300 opertum
712 1216 823 1281 Bonae
842 1214 929 1280 Deae
948 1239 1051 1282 acces·

67 1297 152 1388 isses,
174 1304 328 1368 exulares.
366 1302 413 1367 At
435 1306 469 1367 te
491 1303 525 1366 id
546 1302 661 1369 fecisse
684 1305 783 1369 etism
802 1303 937 1389 gloriari
955 1305 1050 1370 soles.

67 1382 116 1463 luo
137 1391 231 1457 modo
250 1390 352 1477 igitur
373 1394 425 1457 tot
443 1391 570 1476 legibus
590 1392 710 1458 eiectus
729 1393 764 1457 in
782 1393 914 1457 exilium
932 1414 1052 1458 nomen

67 1476 147 1542 uulis
172 1501 238 1545 non
264 1479 506 1564 perhorrescis?
551 1479 689 1547 ‘Romae
718 1479 815 1559 sum’‚
847 1479 961 1563 inquit.
1005 1480 1051 1543 Et

67 1563 172 1645 laidem
194 1567 229 1632 in
252 1571 366 1652 operto
388 1567 487 1633 fuisti.
523 1569 598 1634 Non
615 1569 727 1654 igitur,
749 1568 806 1631 ubi
825 1568 961 1650 quisque
980 1567 1052 1651 erit,

67 1650 115 1717 eius
141 1654 204 1720 loci
234 1655 285 1721 ius
317 1655 457 1740 tenebit,
490 1656 518 1720 si
548 1657 595 1720 ibi
628 1679 700 1720 eum
732 1655 861 1740 legibus
889 1674 959 1718 esse
986 1676 1052 1719 non

67 1742 219 1823 ›portebit

360 1951 667 2018 PARADOXON
689 1951 728 2018 V.

128 2051 196 2120 ”On
227 2053 326 2138 μόνος
353 2053 372 2124 ὁ
401 2054 508 2143 σοφὸς
540 2054 717 2142 ἐλεύθερος
748 2055 802 2121 καὶ
834 2059 898 2135 πᾶς
932 2055 1052 2142 ἄφρων

182 2145 305 2224 δοῦλος.

112 2265 274 2334 Laudatur
294 2291 370 2372 yero
393 2270 447 2372 liic
469 2268 648 2354 imperator
671 2274 728 2335 aut
751 2269 850 2335 etiam
869 2272 1052 2356 appelletur
1070 2250 1104 2376 {3

67 2355 105 2417 ut
127 2355 190 2422 hoc
214 2377 344 2422 nomme
373 2358 490 2444 dignus
516 2361 662 2442 putetur!
701 2357 770 2434 Quo
796 2361 892 2424 modo
921 2364 978 2424 aut
1000 2361 1052 2424 oui

67 2441 174 2508 andem
191 2443 245 2510 hic
263 2445 367 2511 libero
384 2445 568 2531 imperabit,
588 2446 642 2530 qui
660 2466 726 2511 non
741 2450 851 2529 potest
869 2447 1052 2531 cupiditati·

67 2551 105 2595 us
118 2530 184 2596 suis
197 2532 382 2618 imperare?
413 2533 566 2600 Refrenet
579 2532 721 2618 primum
740 2534 900 2616 libidines,
919 2537 1052 2618 spernat

67 2619 240 2706 oluptates,
256 2621 457 2688 iracundiam
470 2624 589 2704 teneat,
610 2623 757 2708 codiceat
771 2620 951 2706 avaritiam,
970 2625 1052 2686 cete·

67 2728 98 2772 es
115 2708 221 2779 animi
242 2710 335 2774 labes
358 2711 512 2796 repellat,
535 2713 606 2775 tum
628 2707 763 2795 incipiat
786 2709 860 2774 aliis
883 2709 1052 2795 imperare,

67 2817 116 2898 um
137 2796 208 2882 ipse
230 2797 481 2901 improbissimis
505 2798 656 2901 dominis,
684 2797 831 2901 dedecori
854 2821 891 2865 ac
904 2799 1052 2903 ,turpit·
1144 2868 1148 2875 ,

67 2887 437 3060 ltdlsssstttltl
450 2886 541 3041 dl?
555 2888 964 3044 llllltltmldlltr
981 2910 1052 3043 lt.

67 3062 211 3128 'raeclare
230 3063 317 3127 enim
335 3066 386 3128 est
403 3063 466 3129 hoc
487 3069 679 3150 usurpatum
698 3088 718 3130 a
741 3065 937 3131 doctissimis
960 3063 1052 3149 (quo-

67 3171 117 3213 um
138 3172 200 3237 ego
224 3150 418 3217 auctoritate
441 3174 506 3218 non
529 3156 646 3237 uterer,
669 3152 697 3216 si
720 3152 802 3216 mihi
820 3153 906 3236 apud
925 3151 1052 3234 aliquos

67 3238 474 3393 grilelsllllsllbm
502 3243 600 3391 siffis
615 3237 1052 3390 ltdllltllttdl

67 3347 192 3502 ἓξὲξ
215 3349 461 3501 simulemqinaer}
484 3351 527 3480 ii
547 3414 624 3497 qun
651 3413 686 3477 in
712 3413 763 3477 ms
792 3413 907 3478 seusus
935 3373 1052 3496 operat

67 3503 217 3588 osuerim,
239 3503 453 3590 perdidissel)
478 3503 599 3568 dictum
622 3506 672 3567 est
694 3501 796 3588 igitur
814 3503 855 3567 ab
875 3499 1052 3566 eruditissi-

67 3589 105 3654 1is
123 3590 202 3657 viris
221 3591 285 3657 nisi
304 3591 484 3677 sapientem
507 3590 647 3657 liberum
670 3612 739 3656 esse
762 3589 932 3655 neminem.
969 3587 1053 3664 Quid
1071 3603 1104 3654 34
