2394 4126
322 204 715 272 cAP.1a-14.541-4e.
802 277 805 283 ¹
884 256 887 262 .
956 203 1045 296 147,

81 370 188 450 iretur,
208 367 353 451 quodque
368 372 479 452 spreta
493 371 527 433 et
544 369 732 452 contempta
747 368 916 451 uoluptate
930 369 1021 451 optu-

81 479 84 517 1
117 455 252 539 quisque
274 453 475 538 sequeretur.
520 453 664 531 Quorsus
691 454 794 541 igitur
821 459 889 519 tam
917 454 1074 520 1111111144

81 543 266 628 uoluptate?
311 542 394 618 Quia
415 565 482 608 non
504 544 600 609 modo
623 541 820 628 vituperatio
841 542 944 626 nulla,
966 543 1022 607 sed

81 655 113 695 m
138 653 264 696 summa
285 631 358 697 laus
383 631 558 697 senectutis
580 635 640 715 est,
665 631 752 715 quod
775 652 813 696 ea
835 630 1021 714 uoluptates

84 740 119 782 as
143 740 338 804 magnopere
358 719 527 785 desiderat
563 717 661 785 Caret
679 719 784 803 epulis
803 717 1022 802 extractisque

81 807 133 870 isis
158 812 191 870 et
209 807 433 891 frequentibus
453 806 589 891 poculis,
611 810 700 872 caret
718 828 796 893 ergo
815 806 914 871 etiam
932 806 1022 871 vinu·

82 896 115 958 ia
138 898 172 958 et
194 894 354 959 cruditate
378 898 411 960 et
435 894 617 960 insomniis.
662 893 725 959 sed
748 895 776 959 si
799 895 923 979 aliquid
946 895 1022 967 dan·
1145 923 1148 928 ·

81 1005 90 1046 1
114 985 164 1045 est
186 982 359 1067 voluptati,
383 982 537 1067 quoniam
560 981 629 1046 eius
651 982 818 1048 blanditiis
841 1005 908 1048 non
925 982 1021 1048 facile

81 1070 203 1134 lstimus
236 1069 358 1155 (divine
389 1071 475 1136 enim
506 1070 603 1135 Plato
636 1069 779 1135 ‘escam
815 1070 1020 1137 malorum'

81 1159 159 1221 ellat
181 1158 401 1242 voluptatem,
424 1159 510 1243 quod
533 1180 571 1223 ea
593 1156 745 1224 videlicet
765 1158 915 1225 homines
937 1159 1022 1243 capi·

81 1269 110 1310 ir
132 1249 169 1310 nt
191 1244 326 1333 pisces),
353 1269 549 1332 quamquam
571 1245 782 1312 inmoderatis
805 1247 909 1331 epulis
932 1251 1022 1312 caret

81 1337 173 1416 ectus,
209 1334 343 1399 modicis
378 1338 490 1400 tamen
525 1334 681 1400 conviviis
718 1334 872 1402 delectari
902 1338 1021 1420 potest.

81 1421 228 1486 luellium
246 1421 290 1486 M.
307 1421 339 1505 f.‚
362 1423 418 1507 qui
434 1422 563 1487 Poenos
581 1422 685 1487 classe
704 1421 827 1505 primus
851 1422 1022 1505 devicerat,

81 1514 201 1573 cuntem
225 1530 341 1573 acena
360 1531 469 1575 senem
488 1531 583 1592 saepe
601 1509 751 1573 videbam
769 1530 863 1592 puer;
886 1509 1023 1572 delecta·

81 1620 110 1661 rr
130 1617 221 1662 cereo
240 1594 345 1659 funali
363 1599 400 1664 et
413 1596 556 1678 tibicine,
579 1616 661 1678 quae
679 1593 744 1658 sibi
760 1595 852 1658 nullo
876 1595 1022 1678 exemplo

81 1689 162 1748 ratus
195 1685 394 1767 sumpseras
429 1684 560 1746 tantum
595 1680 744 1745 licentiae
777 1681 877 1745 dabat
908 1682 1022 1768 gloria.

100 1772 178 1855 quid
201 1792 262 1855 ego
287 1769 391 1833 alios?
415 1767 456 1833 ad
478 1789 530 1834 me
551 1767 661 1853 ipsum
682 1768 748 1832 iam
769 1771 924 1835 revertar.
955 1769 1022 1835 Pri·
1040 1786 1075 1836 45

81 1883 104 1922 n
136 1858 239 1922 habui
270 1877 398 1939 semper
429 1854 565 1921 sodales.
611 1853 807 1922 sodalitates
835 1861 944 1923 autem
970 1881 1023 1924 me

82 1948 189 2008 estora
208 1943 403 2008 constitutae
422 1947 499 2008 sunt
517 1944 618 2010 sacris
635 1942 741 2009 Idaeis
755 1943 893 2030 Magnae
905 1945 1022 2012 Matris

81 2031 167 2114 eptis.
202 2028 370 2114 Epulabar
391 2031 494 2118 igitur
518 2055 590 2099 cum
613 2032 778 2098 sodalibus
802 2033 937 2112 omnino,
956 2057 1022 2101 mo·

81 2146 93 2203 l,
117 2119 174 2182 sed
192 2123 263 2182 erat
281 2117 412 2204 quidam
429 2119 539 2185 fervor
558 2120 690 2205 aetatis;
713 2143 777 2206 qus
793 2123 1021 2209 progrediente

81 2207 124 2271 111
154 2206 238 2270 fiunt
268 2205 304 2271 in
334 2206 400 2272 dies
432 2208 571 2275 mitiora
621 2207 734 2293 Neque
763 2210 848 2275 enim
874 2212 1022 2296 ipsorum

81 2294 236 2360 siviorum
251 2292 498 2362 delectationem
511 2298 736 2382 voluptatibus
751 2299 895 2383 corporis
914 2301 1020 2385 magis

81 2406 112 2447 m
136 2387 230 2448 coetu
253 2383 436 2448 amicorum·
453 2387 487 2448 et
508 2386 711 2451 sermonibus
730 2387 896 2451 metiebar.
932 2387 1022 2452 Bene

81 2494 101 2535 n
124 2469 264 2535 maiores
288 2471 524 2536 accubitionem
546 2473 713 2557 epularem
735 2473 921 2555 amicorum,
945 2474 1022 2557 quia
1157 2528 1160 2533 ,

81 2581 100 2623 4
111 2558 370 2624 coniunctionem
379 2558 523 2642 haberet,
537 2558 754 2624 convivium
763 2558 1021 2645 nominaverunt,

81 2648 130 2711 ius
159 2668 257 2730 quam
285 2644 413 2730 Graeci,
446 2646 502 2731 qui
527 2647 590 2712 hoe
615 2645 702 2710 idem
729 2649 800 2713 tum
827 2652 1021 2732 compota·

81 2758 171 2818 nem,
197 2738 269 2798 tum
296 2734 611 2800 concenationem
638 2738 770 2819 vocant,
796 2738 847 2820 ut,
875 2737 960 2821 quod
985 2739 1021 2804 in

81 2844 188 2908 genere
207 2821 376 2888 minimum
395 2825 455 2907 est,
476 2823 509 2888 id
527 2823 666 2888 maxime
683 2825 823 2907 probare
840 2825 1019 2893 videantur.
1123 2839 1125 2843 ’

81 2937 86 2970 1
109 2931 187 2975 vero
209 2913 343 2994 propter
366 2911 523 2977 sermonis
546 2911 793 2978 delectationem
815 2915 1019 2999 tempestivis
1032 2886 1073 3010 {s}

81 3020 141 3082 que
164 2998 319 3062 conviviis
343 2997 493 3084 delector,
514 3021 573 3066 nee
595 3023 669 3067 cum
691 3001 880 3085 aequalibus
903 3005 1020 3088 solum,

96 3086 192 3170 pauci
219 3086 392 3153 admodum
419 3092 557 3173 restant,
590 3089 646 3154 sed
677 3110 750 3154 cum
781 3093 891 3155 vestra
920 3092 1020 3156 etiam

81 3178 122 3238 tte
149 3177 248 3258 atque
273 3173 456 3262 vobiscum,
485 3176 655 3260 habeoque
682 3177 840 3242 senectuti
866 3199 1020 3264 magnam

81 3263 165 3345 tiam,
188 3283 270 3345 quae
293 3262 375 3329 mihi
397 3264 554 3330 sermonis
578 3263 768 3329 aviditatem
791 3263 894 3349 auxit,
915 3264 1020 3348 potio

83 3354 117 3415 et
135 3348 201 3416 cibi
218 3351 361 3417 sustulit.
397 3350 519 3426 Quodsi
537 3373 633 3437 quem
655 3351 754 3418 etiam
774 3352 840 3417 ista
858 3351 1020 3414 delectant

83 3438 214 3504 omnino
232 3439 356 3506 bellum
373 3437 526 3506 indixisse
544 3440 655 3506 videar
671 3439 844 3525 uoluptati,
862 3435 951 3501 cuius
970 3438 1021 3499 est

81 3548 154 3592 asse
177 3526 308 3610 qnidam
329 3527 491 3593 naturalis
509 3525 647 3613 modus),
668 3547 736 3592 non
751 3522 909 3608 intellego
926 3540 967 3586 ne
984 3521 1019 3587 in

808 3621 862 3678 10*
