2394 4126
342 243 420 298 car.
440 251 482 309 ic,
503 251 543 301 17.
581 249 730 310 §ca-ea.
977 249 1040 314 183

77 411 137 471 stae
156 405 334 471 amicorum
351 406 540 471 voluntates
557 405 757 470 adiuvandae
776 405 850 489 sint,
868 408 903 471 in
922 410 1039 491 quibus

77 517 144 559 ram
162 497 219 559 aut
237 497 335 578 caput
353 498 472 580 agatur
491 497 547 558 aut
564 493 661 577 fama,
685 494 910 559 declinandum
929 496 968 560 de
986 499 1040 562 via

81 634 90 667 ,
120 583 216 646 modo
248 603 290 646 ne
318 604 444 646 summa
471 581 640 665 turpitudo
668 585 836 666 sequatur3
867 587 918 646 est
945 585 1039 668 enim,

78 675 191 736 atenus
214 669 375 734 amicitiae
399 666 479 734 dari
486 670 581 734 venia
599 671 712 754 possit.
748 669 781 734 N
783 692 818 735 ec
835 692 912 735 vero
931 672 1039 757 negle-

77 759 139 823 nda
160 762 211 822 est
232 757 330 841 fama,
350 779 410 823 nec
434 757 593 822 mediocre
615 758 718 822 telum
741 758 782 822 ad
804 780 856 823 res
882 760 1039 844 gerendas

76 846 218 910 istimam
242 849 372 929 oportet
393 844 647 910 benivolentiam
671 846 802 930 civium3
826 869 924 930 quam
946 847 1039 912 blan·

77 935 122 998 iis
145 939 178 999 et
200 933 398 998 adsentando
422 933 576 1019 colligere
599 937 693 1017 turpe
717 938 781 1017 est,
805 936 919 1018 virtus,
939 957 1039 1019 quam

77 1023 178 1106 luitur
205 1021 336 1102 caritas,
364 1020 495 1086 minime
518 1021 716 1104 repudianda
739 1026 797 1086 est.
842 1021 905 1087 Sed
926 1021 1038 1109 (saepe
1058 1041 1092 1091 62

77 1110 120 1174 im
141 1109 236 1175 redeo
261 1109 302 1172 ad
321 1107 513 1193 Scipionem,
536 1108 626 1174 cuius
649 1109 754 1174 omnis
777 1132 883 1175 sermo
907 1115 977 1176 erat
1000 1113 1040 1176 de

77 1195 191 1283 sicitia)
216 1197 420 1282 querebatur,
444 1196 529 1280 quod
552 1197 700 1261 omnibus
723 1197 757 1262 in
777 1197 873 1263 rebus
892 1199 1038 1265 homines

77 1286 256 1371 egentiores
280 1288 401 1369 essent3
431 1306 545 1368 capras
569 1289 602 1349 et
625 1307 700 1350 oves
724 1290 803 1369 quot
827 1286 961 1371 quisque
984 1289 1040 1353 ha·

76 1377 138 1457 ret,
164 1374 270 1439 dicere
292 1395 401 1457 posse,
429 1372 550 1437 amicos
574 1377 654 1456 quot
675 1372 826 1458 haberet,
854 1397 920 1440 non
942 1397 1038 1460 posse

77 1483 146 1545 cere,
169 1465 203 1526 et
224 1462 260 1525 in
281 1461 347 1524 illis
370 1459 500 1545 quidem
517 1461 670 1545 parandis
692 1462 844 1526 adhibere
863 1485 983 1545 curam,
1006 1464 1040 1526 in

77 1549 145 1614 iicis
177 1549 334 1634 eligendis
365 1548 570 1634 neglegentis
602 1570 672 1612 esse
703 1571 761 1614 uec
793 1549 912 1612 habere
948 1549 1041 1631 quasi

77 1659 129 1722 gna
153 1637 309 1720 quaedam
333 1640 366 1700 ct
387 1640 492 1719 notas,
515 1635 632 1719 quibus
656 1658 720 1713 eos,
744 1636 799 1720 qui
821 1636 861 1699 ad
880 1635 1039 1700 amicitias

77 1728 142 1789 sent
164 1725 281 1809 idonei,
303 1724 491 1789 iudicarent.
527 1721 610 1788 Sunt
628 1723 729 1809 igitur
747 1723 832 1787 firmi
853 1727 886 1788 et
904 1724 1039 1788 stabiles

94 1816 280 1878 constantes
308 1812 462 1899 eligendi,
492 1813 581 1876 cuius
610 1812 736 1897 generis
764 1815 814 1875 est
841 1834 961 1898 magna
987 1834 1039 1895 pe·

76 1901 139 1964 ria.
182 1899 226 1964 Ilt
251 1901 391 1967 indicere
420 1899 551 1964 difficile
578 1905 628 1964 est
660 1921 736 1964 sane
763 1899 828 1963 nisi
859 1903 1040 1984 expertum3

77 1986 262 2070 pariendum
293 1992 402 2054 autem
435 1992 484 2052 est
511 1988 545 2051 iu
571 1987 644 2070 ipsa
672 1987 823 2052 amicitia.
868 1987 920 2050 Ita
947 2008 1040 2069 prae-

79 2074 142 2137 rrit
169 2074 307 2140 amicitia
333 2075 487 2140 iudicium
512 2075 664 2159 tollitque
693 2075 875 2159 experiendi
896 2077 1040 2159 potesta-

77 2184 112 2226 m.
155 2159 217 2227 Est
242 2163 343 2249 igitur
370 2163 537 2249 prudentis
565 2164 724 2228 sustinere
750 2167 787 2228 ut
817 2185 960 2248 cursum,
993 2163 1039 2229 sic
1058 2181 1091 2231 63

79 2252 191 2334 petum
222 2250 474 2334 benivolentiae,
510 2252 534 2335 †
566 2275 629 2336 quo
661 2256 791 2318 utamur
824 2252 917 2337 quasi
948 2252 1039 2336 equis

77 2338 221 2423 nptatis,
256 2339 302 2404 sic
335 2339 479 2405 amicitia
510 2360 549 2404 ex
581 2341 689 2424 aliqua
721 2345 814 2426 parte
846 2341 1039 2424 periclitatis

77 2426 178 2491 >ribus
206 2426 392 2492 amicorum.
437 2425 575 2503 Quidam
602 2450 697 2511 saepe
720 2430 755 2489 in
781 2449 883 2510 parva
905 2426 1041 2509 pecunia

77 2514 272 2599 rspiciuntur
300 2537 397 2598 quam
425 2515 492 2579 sint
518 2514 621 2596 leves,
649 2514 778 2595 quidam
806 2516 931 2593 autem,
959 2532 1040 2594 quos

76 2624 135 2666 rva
153 2624 282 2668 movero
299 2624 366 2667 non
384 2603 500 2688 potuit,
519 2603 756 2686 cognoscuntur
774 2598 809 2662 in
827 2619 954 2683 magna.
983 2595 1041 2662 Sin

77 2694 128 2754 mt
152 2691 253 2774 aliqui
276 2692 405 2774 reperti,
429 2691 484 2774 qui
506 2689 675 2775 pecuniam
697 2686 860 2773 praeferre
879 2686 1041 2752 amicitiae

77 2778 198 2842 rdidum
221 2778 416 2862 existiment,
439 2779 496 2844 ubi
514 2800 569 2843 eos
587 2778 796 2863 inveniemus,
819 2776 875 2861 qui
892 2777 1041 2860 honores,

77 2867 261 2950 egistratus,
288 2866 437 2950 imperia,
464 2871 656 2952 potestates,
685 2888 762 2951 opes
791 2864 952 2932 amicitiae
974 2887 1041 2930 non

76 2958 248 3039 teponant,
276 2957 326 3038 ut,
356 2977 429 3019 cum
456 2977 496 3019 ex
523 2957 626 3022 altera
652 2960 747 3041 parte
769 2956 940 3040 proposita
961 2954 1042 3019 haee

77 3045 111 3125 o,
139 3037 179 3107 ex
202 3042 306 3106 altera
328 3041 378 3105 ius
403 3043 576 3127 amicitiae,
602 3066 670 3109 non
692 3044 796 3107 multo
819 3043 879 3105 illa
901 3041 1041 3106 malint?

77 3130 190 3195 becilla
223 3129 308 3193 enim
340 3133 390 3194 est
421 3135 539 3197 natura
569 3133 609 3195 ad
637 3127 902 3195 contemnendam
929 3131 1042 3210 poten-

77 3241 126 3302 ‚m3
154 3240 253 3301 quam
281 3217 410 3282 etiamsi
436 3221 586 3304 neglecta
614 3215 757 3280 amicitia
779 3214 944 3277 consecuti
966 3213 1042 3295 sint,

77 3308 242 3370 scuratum
261 3305 303 3368 iri
321 3305 531 3388 arbitrantur,
551 3304 626 3387 quia
645 3322 711 3364 non
728 3299 797 3363 sine
811 3319 932 3384 magna
945 3318 1043 3362 causa

97 3394 251 3478 neglecta
274 3394 425 3458 amicitia.
469 3394 585 3475 Itaque
608 3408 702 3454 verae
730 3386 891 3452 amicitiae
916 3384 1041 3451 difficil-
1061 3401 1095 3452 64

77 3503 108 3546 re
127 3481 334 3565 reperiuntur
351 3481 386 3546 in
404 3482 453 3564 iis,
472 3480 529 3563 qui
545 3479 580 3543 in
597 3474 776 3542 honoribus
795 3497 892 3559 reque
910 3473 1042 3560 publiea

77 3573 219 3653 rsantur;
254 3569 311 3633 ubi
348 3570 432 3633 enim
464 3568 565 3632 istum
598 3564 757 3647 invenias,
794 3564 850 3646 qui
884 3564 1042 3629 honorem
