2394 4126
178 224 240 288 170
475 221 629 277 LAELIUS
647 221 696 275 bn
713 220 879 276 AMICITIA

120 402 157 450 ‘22
176 386 231 469 qui
253 385 384 450 omnino
406 406 567 468 nusquam
589 383 803 467 reperiuntur.
849 381 938 447 Talis
966 382 1073 469 igitur
1100 384 1173 451 inter.

174 475 262 540 viros
281 473 424 538 amicitia
441 475 551 536 tantas
570 472 809 555 oportunitates
831 471 941 554 habet,
965 475 1107 556 quantas
1128 471 1174 538 vix·

175 583 256 646 queo
280 561 393 627 dicere.
427 559 591 644 Principio
616 560 671 642 qui
692 562 802 644 potest
822 580 892 624 esse
909 558 980 624 vita
1004 557 1172 643 ‘vitalici

174 654 211 714 ut
234 650 281 715 ait
302 649 436 726 Ennius,
460 668 541 730 quae
563 668 630 712 non
651 647 686 712 in
708 646 805 712 amici
826 650 940 712 mutua
961 646 1169 715 benivolentia

175 737 393 822 conquiescit?
430 732 514 809 Quid
533 734 657 800 dulcius
671 757 768 819 quam
781 735 910 819 habere,
929 735 1062 820 quicum
1075 735 1168 803 omnis

175 827 292 891 audeas
316 825 361 888 sic
384 822 475 906 loqui
496 826 534 887 ut
555 824 684 888 tecum?
729 821 792 898 Qui
814 826 899 889 esset
921 827 1036 890 tantus
1059 824 1167 890 suem

174 913 209 978 in
230 910 395 997 prosperis
418 911 524 994 rebus,
545 911 610 976 nisi
631 911 778 995 haberes,
801 912 856 995 qui
877 911 946 976 illis
969 934 1073 997 aeque
1091 935 1125 978 ac
1138 915 1170 983 tu.¹

174 1002 243 1086 ipse
267 999 445 1084 gauderet?
469 998 621 1065 adversas
643 1021 719 1064 vero
742 999 826 1064 ferre
849 999 981 1065 difficile
1005 1004 1091 1068 esset
1110 999 1166 1069 sint

174 1110 226 1170 eo,
248 1087 304 1170 qui
325 1087 400 1151 illas
424 1088 555 1171 gravius
580 1087 679 1151 etiam
702 1108 800 1170 quam
821 1091 859 1152 tu
880 1087 991 1154 ferret.
1036 1087 1163 1173 Denique

175 1177 299 1240 ceterae
322 1197 383 1259 res,
405 1196 487 1258 quae
511 1178 714 1259 expetuntur,
736 1179 915 1260 oportunae
938 1180 1016 1243 sunt
1034 1176 1161 1263 singulae

174 1263 270 1331 rebus
292 1262 360 1327 fere
383 1262 530 1348 singulis,
553 1263 694 1348 divitiae,
715 1267 753 1328 ut
774 1267 877 1348 utare,
900 1285 988 1349 opes,
1011 1268 1048 1330 ut
1066 1265 1162 1345 colus,¹

174 1351 322 1435 honores,
345 1354 382 1415 ut
404 1350 544 1435 laudere,
565 1352 760 1436 voluptates,
782 1354 820 1417 ut
842 1351 999 1438 gaudeas,
1023 1350 1163 1435 valitudq'

173 1443 211 1505 ut
234 1439 345 1504 dolore
368 1460 477 1504 careas
501 1442 534 1504 et
556 1440 742 1506 muneribus
764 1438 901 1525 fungare
922 1440 1081 1526 corporis;
1102 1434 1160 1505 ani

174 1527 251 1594 citia
268 1549 321 1593 res
336 1527 492 1612 plurimas
512 1527 669 1612 eontinet3
688 1549 816 1612 quoquo
835 1531 868 1592 te
886 1528 1033 1614 verteris,
1050 1528 1159 1616 praesto

175 1621 233 1699 est,
248 1617 339 1682 nullo
353 1616 425 1682 loco
440 1616 628 1695 excluditur,
646 1637 823 1700 numquam
835 1615 1075 1701 intempestiva,
1090 1635 1161 1682 nun·

175 1726 273 1788 quam
291 1705 430 1770 molesta
448 1708 512 1789 est;
529 1705 640 1788 itaque
657 1725 832 1788 nonaque,
849 1725 916 1769 non
933 1705 1013 1790 igni,
1031 1709 1068 1771 ut
1081 1702 1160 1783 aiunl,

174 1792 253 1857 locis
272 1792 420 1875 pluribus
441 1792 561 1857 utimur
579 1814 677 1875 quam
693 1791 846 1858 amicitia.
882 1790 997 1876 Neque
1016 1814 1077 1880 ego
1095 1794 1160 1857 nuuc

175 1879 214 1944 de
235 1879 373 1964 vulgari.
388 1883 444 1944 aut
468 1879 506 1945 de
527 1879 688 1964 mediocri,
712 1901 793 1964 quae
811 1883 921 1944 tamen
937 1880 1013 1966 ipsa
1030 1884 1064 1946 et
1080 1880 1160 1945 deler-

173 1970 225 2032 tat
247 1970 281 2032 et
303 1967 445 2052 prodest,
468 1968 525 2033 sed
548 1968 586 2033 de
604 1990 681 2033 vera
704 1970 737 2032 et
758 1967 903 2052 perfecta
924 1967 1052 2052 loquor,
1074 1963 1159 2054 qualit

175 2078 295 2138 eorum,
318 2055 373 2139 qui
395 2055 490 2140 pauci
511 2055 729 2137 nominantur,
751 2055 823 2120 fuit.
858 2055 946 2121 Nam
968 2060 1003 2121 et
1025 2054 1159 2125 secundas

174 2164 225 2207 res
254 2142 486 2226 splendidiores
512 2143 592 2207 facit
619 2143 762 2207 amicitia
789 2145 822 2207 et
854 2143 1007 2210 adversas
1036 2143 1160 2232 parties!

174 2229 476 2312 communicansque
499 2229 646 2295 leviores.
985 2272 999 2297 .
1168 2222 1173 2235 '

119 2291 156 2418 ἐς
241 2315 410 2399 Quomque
432 2315 590 2401 plurimas
604 2320 637 2380 et
655 2316 813 2383 maximas
832 2320 1079 2387 commoditates
1100 2314 1161 2386 ami·

174 2405 252 2470 citia
279 2404 456 2489 contineat,
483 2408 554 2470 tum
580 2405 639 2470 illa
665 2405 820 2472 nimirum
845 2411 993 2490 praestat
1022 2408 1161 2487 omnibu

175 2494 261 2578 quod
282 2495 403 2559 bonam
425 2515 516 2579 spem
538 2495 705 2580 praelucet
727 2495 761 2559 in
788 2498 956 2580 posterum
982 2518 1043 2565 nec
1069 2490 1162 2562 debili

173 2583 239 2647 tari
261 2582 386 2648 animos
410 2586 468 2648 aut
489 2584 602 2649 cadere
624 2584 757 2668 patitur.
787 2581 909 2648 Verum
932 2584 1020 2650 enim
1042 2585 1163 2652 amicum

175 2671 230 2752 qui
252 2671 405 2754 intuetur,
427 2675 595 2755 tamquam
617 2671 782 2755 exemplar
804 2670 936 2755 aliquod
957 2672 1103 2740 intuetur
1117 2665 1163 2736 sul

174 2754 333 2830 Quocirca
359 2759 393 2820 et
420 2758 569 2822 absentes
598 2757 716 2822 adsunt
743 2760 776 2822 et
802 2763 935 2844 egentes
958 2754 1163 2828 abundantcl

171 2842 318 2907 inbecilli
344 2844 455 2908 valent
482 2847 528 2928 et,
556 2843 641 2928 quod
668 2842 830 2910 difficilius
855 2847 944 2912 dictu
967 2853 1032 2934 est,
1059 2838 1164 2916 mortui

172 2930 301 3015 vivunt3
323 2933 435 2995 tantus
459 2952 514 2997 eos
536 2931 649 3015 honos,
672 2933 836 3019 memoria,
860 2935 1052 3003 desiderium
1072 2951 1164 3024 prosc

173 3017 285 3102 quitur
313 3018 497 3084 amicorum.
541 3018 592 3083 Ex
620 3039 683 3102 quo
708 3020 840 3087 illorum
862 3024 960 3089 beata
982 3047 1072 3092 mors
1093 3020 1164 3090 uide

173 3110 236 3184 tur,
258 3106 376 3172 horum
393 3107 463 3171 vita
480 3104 663 3172 laudabilis.
699 3106 820 3183 Quodsi
839 3112 995 3178 exemeris
1014 3135 1055 3180 ex
1072 3124 1187 3189 rerum-5

173 3198 292 3260 natura
318 3194 557 3260 benivolentiae
584 3194 854 3283 coniunctionem,
882 3221 941 3266 nec
969 3200 1085 3268 domus
1109 3195 1166 3263 ulls

171 3305 233 3349 nec
259 3283 338 3348 urbs
366 3288 453 3348 stare
480 3281 615 3368 poterit,
645 3305 686 3348 ne
719 3286 791 3372 agri
821 3286 948 3371 quidem
976 3289 1085 3356 cultus
1108 3301 1167 3373 ptr·

174 3370 327 3437 manebit.
371 3370 410 3434 ld
432 3371 461 3436 si
483 3369 589 3434 minus
612 3369 827 3459 intellegitur,
855 3378 1050 3460 quantavis
1073 3365 1187 3444 amici-¹.

150 3457 239 3525 'tiae
258 3458 508 3543 concordiaeque
527 3458 579 3542 sit,
602 3480 641 3523 ex
664 3459 917 3529 dissensionibus
935 3468 1035 3550 atque
1058 3487 1096 3530 ex
1116 3458 1167 3526 dis

127 3634 132 3645 Ι
172 3547 290 3613 cordiis
308 3547 448 3634 perspici
466 3549 585 3633 potest.
616 3546 705 3623 Quae
723 3550 808 3617 enim
829 3552 941 3618 domus
958 3557 1027 3619 tam
1042 3544 1168 3650 stabilia
