2394 4126
153 221 216 284 146
394 217 493 295 CATO,
505 216 622 271 MAIOR
639 215 689 269 DE
709 214 920 271 SENEGTUTF

152 380 206 466 Sp.
237 378 437 461 Postumius,
469 377 504 441 Τ.
531 375 686 440 Veturius
718 376 865 442 consules
899 377 1044 462 superati
1077 381 1153 463 sunt,

152 469 296 533 locutum
312 466 490 550 Archytam
504 463 671 528 Nearchus
686 463 889 548 Tarentinus,
904 464 1025 550 hospes
1039 469 1153 549 noster,

153 556 256 640 quiin
275 554 418 620 amicitia
435 551 548 637 populi
561 551 702 616 Romani
718 556 951 637 permanserat,
969 573 1004 617 se
1024 554 1047 618 a*
1063 554 1154 618 maio

152 645 242 708 ribus
264 647 345 708 natu
368 640 529 724 accepisse
552 639 693 722 dicebat,
717 662 789 705 cum
813 640 942 724 quidem
965 640 996 704 ei
1019 641 1154 707 sermoni

152 731 354 796 interfuisset
371 728 467 793 Plato
484 727 701 811 Atheniensis,
724 749 820 812 quem
839 726 1016 825 Tarentum
1035 729 1154 794 venisse

100 819 188 884 4211.
210 818 358 899 Camillo,
381 815 444 900 Ap.
467 810 602 881 Claudio
626 815 812 880 consulibus
835 815 969 900 reperio.
1000 812 1154 893 'Quorsus

153 907 237 971 hoc?
267 904 315 969 Ut
332 903 577 990 intellegeretis,
594 903 624 967 si
636 903 838 988 voluptatem
853 900 1021 988 asper'nari
1036 905 1154 970 ratione

154 997 187 1057 et
215 992 375 1076 sapientia
400 1013 465 1055 non
492 1012 673 1077 possemus,
700 1012 853 1076 magnam
879 991 1066 1057 habendam
1093 1014 1154 1058 esse

155 1080 313 1145 senectuti
340 1079 493 1164 gratiam,
526 1101 607 1164 quae
635 1078 788 1163 efficeret,
819 1082 858 1143 ut
883 1077 916 1142 id
942 1100 1009 1144 non
1036 1081 1154 1165 liberet,

155 1167 240 1252 quod
255 1189 321 1232 non
340 1171 512 1253 oporteret.
548 1166 689 1250 Impedit
707 1166 792 1231 enim
811 1165 980 1231 consilium
998 1170 1153 1270 voluptas,
1173 1218 1176 1228 .
1195 1198 1197 1216 1

154 1256 274 1321 rationi
296 1256 427 1319 inimica
449 1258 508 1338 cst,
530 1253 658 1338 mentis,
679 1257 717 1319 ut
738 1254 786 1319 ita
809 1254 921 1338 dicam,
946 1260 1112 1343 praestrm
1135 1255 1141 1269 '

155 1345 266 1409 oculos
288 1365 347 1409 neo
365 1343 465 1407 habet
483 1343 587 1407 ullum
606 1364 678 1407 cnm
696 1342 818 1409 virtute
837 1342 1074 1421 commercium.
1126 1349 1154 1391 ‘-

153 1428 241 1496 vitus
273 1430 348 1514 feci,
379 1434 416 1496 ut
446 1430 619 1495 fortissimi
649 1430 712 1497 viri
743 1429 779 1494 Τ.
810 1429 986 1496 Flaminini
1016 1431 1154 1515 fratrem,

154 1518 190 1584 L.
212 1519 443 1602 Flamininum,
471 1541 488 1582 e
516 1522 630 1583 senatu
653 1518 788 1583 eicerem
812 1521 936 1603 septem
960 1518 1062 1599 annis
1076 1521 1154 1606 post,

155 1605 1180 1776 ttsstlllllttil.3{lulltttlffltttltttl2¹⁸

154 1783 241 1848 virio
266 1807 285 1847 a
312 1747 419 1848 scorto
448 1785 511 1867 cst,
537 1786 575 1846 ut
603 1781 706 1847 securi
731 1781 844 1846 feriret
872 1781 1013 1865 aliquem
1042 1805 1156 1867 corum,

155 1872 210 1954 qui
232 1871 267 1935 in
289 1871 426 1936 vinculis
450 1873 558 1934 essent
581 1869 727 1934 damnati
744 1870 791 1933 rei
810 1868 969 1954 capitalis.
1004 1869 1069 1937 Hic
1086 1870 1155 1935 Tito

154 1959 256 2023 fratre
288 1981 347 2024 suo
380 1980 524 2042 censore,
562 1957 618 2041 qui
648 1957 814 2041 proximus
847 1961 922 2022 ante
956 1980 1008 2022 me
1043 1958 1156 2041 fuerat,

156 2048 284 2130 elapsus
309 2050 370 2129 est,
398 2045 479 2109 mihi
504 2066 581 2110 vero
609 2049 642 2109 et
668 2042 784 2109 Flacco
811 2045 1000 2129 neutiquam
1027 2044 1185 2132 probari·

155 2134 263 2217 potuit
284 2137 353 2196 tam
374 2132 540 2218 flagitiosa
563 2134 596 2195 et
618 2135 687 2195 tam
706 2131 834 2216 perdita
851 2133 963 2219 libido,
987 2155 1157 2219 quaecum

102 2190 145 2314 ἐξ)
156 2221 275 2304 probro
307 2220 436 2304 privato
469 2219 677 2304 coniungeret
707 2219 836 2304 imperii
865 2221 1009 2286 dedecus.
1059 2219 1158 2307 Saepo

157 2307 265 2372 audivi
288 2328 327 2370 ex
348 2306 525 2371 maioribus
547 2310 636 2390 natu,
659 2307 714 2391 qui
738 2329 771 2371 se
789 2329 887 2391 porro
928 2329 1023 2374 ueros
1043 2332 1063 2374 a
1080 2310 1159 2374 seni·

155 2397 217 2461 bus
247 2395 374 2460 audisse
406 2395 568 2478 dicebant,
600 2394 712 2460 mirari
744 2395 878 2461 solitum
905 2333 941 2462 E.
967 2394 1160 2481 Fabricium,

156 2484 251 2569 quod,
270 2506 342 2550 oum
361 2484 445 2569 apud
463 2505 573 2570 regem
587 2482 748 2570 Pyrrhum
761 2484 890 2635 Iapetus
905 2489 1000 2569 esset,
1018 2485 1193 2551 audissetis

156 2596 176 2636 a
198 2572 355 2637 Thessalo
379 2571 478 2637 Cinea
505 2593 575 2636 esse
603 2572 762 2656 quendam
818 2572 939 2657 thenis,
967 2571 1023 2657 qni
1050 2594 1085 2638 se
1115 2596 1162 2639 sa

155 2661 299 2742 pientem
320 2662 536 2744 profiteretur,
560 2681 696 2743 eumque
717 2658 820 2723 dicere
839 2659 957 2743 omnia,
980 2682 1062 2745 quae
1079 2661 1162 2728 face·

156 2768 277 2829 remus,
309 2748 350 2810 ad
380 2748 584 2830 voluptatem
616 2768 686 2810 esse
717 2745 892 2812 referenda.
937 2745 1030 2824 Quod
1057 2771 1097 2814 ex
1125 2771 1163 2816 eo

157 2833 322 2897 audientes
345 2832 397 2897 Μ’.
417 2832 550 2897 Curium
573 2836 606 2896 et
624 2832 672 2897 Ti.
690 2830 926 2901 Coruncanium
950 2840 1064 2921 optare
1088 2838 1163 2903 soli·

155 2924 222 3003 tos,
251 2923 289 2984 ut
314 2919 349 2983 id
376 2919 575 2985 Samnitibus
602 2920 729 3004 ipsique
750 2920 876 3006 Pyrrho
903 2923 1192 3010 persuaderetur,

157 3029 223 3091 qno
243 3007 371 3073 facilius
394 3008 479 3072 vinci
501 3010 643 3092 possent,
666 3029 739 3073 cum
761 3031 796 3074 se
813 3011 1038 3096 voluptatibus
1058 3012 1164 3079 dedis-

157 3098 238 3160 sent.
286 3094 423 3160 Vixerat
448 3095 500 3160 Μ’.
528 3093 643 3160 Curius
671 3117 744 3162 cum
774 3097 810 3163 P.
837 3098 952 3184 Deci0,
983 3099 1040 3184 qui
1072 3102 1165 3186 quin-

157 3184 295 3270 quennio
320 3188 395 3248 ante
418 3205 491 3248 eum
514 3184 678 3249 consulem
701 3206 736 3250 se
757 3207 818 3270 pro
840 3186 1026 3272 republica
1045 3192 1163 3274 quarto

156 3272 326 3338 consulatu
354 3271 541 3356 devoverat3
571 3274 668 3337 norat
695 3274 830 3339 eundem
857 3274 1039 3362 Fabricius,
1065 3278 1165 3344 norat

157 3360 390 3444 Coruncanium
414 3360 469 3443 qui
492 3382 564 3425 cum
583 3381 622 3423 ex
639 3381 698 3427 sua
718 3362 796 3444 vita,
818 3366 889 3428 tum
908 3386 947 3429 ex
965 3363 1043 3450 eius,
1067 3387 1164 3450 quem
1182 3401 1196 3411 »-

157 3450 240 3534 dioo,
264 3448 358 3532 Deci,
379 3448 467 3513 facto
490 3447 676 3512 iudicabant
699 3471 768 3514 esse
790 3451 937 3535 profecto
961 3451 1086 3538 aliquid
1107 3475 1165 3519 na·

155 3540 230 3602 tura
261 3537 433 3624 pulchrum
465 3539 562 3620 atque
592 3538 808 3625 praeclarum,
842 3538 927 3626 quod
957 3561 1017 3604 sua
1045 3536 1165 3628 sponte
