2394 4126
289 473 336 545 M.
367 472 510 546 TULLI
543 471 791 548 CICERONIS

173 616 1009 708 PARADOXA.

370 764 716 854 lausannen.

377 967 712 1029 ARGUMENTUM.

110 1083 170 1140 Hoc
188 1082 288 1139 libello
309 1081 405 1140 Cicero
426 1082 541 1138 Catonis
558 1081 709 1156 Uticensis,
727 1083 847 1154 perlecti
860 1085 937 1142 illius
952 1086 1051 1158 Stoici,

63 1153 224 1210 dmiratione
243 1153 382 1209 adductus
399 1153 568 1236 disciplinae
583 1152 694 1210 Stoicae
717 1159 883 1228 praecepta,
906 1175 977 1227 quae
994 1160 1050 1221 ,ho-

63 1226 128 1282 rines
147 1226 183 1281 ob
203 1224 385 1279 severitatem
403 1225 615 1279 admuabantur
631 1225 723 1296 magis
748 1243 833 1296 quam
855 1230 1051 1298 sequebantur,

63 1293 196 1366 senones,
215 1311 287 1364 quae
305 1295 401 1350 Latini
419 1297 524 1351 vocant
541 1295 728 1365 admirabilia,
747 1298 882 1353 orationis
902 1316 968 1354 suae
989 1317 1050 1355 sua

63 1367 127 1423 itate
145 1365 260 1422 mollita
276 1366 394 1436 probare
413 1366 519 1437 populo
534 1367 564 1421 et
577 1367 769 1424 commendare
784 1369 884 1424 voluit
909 1371 982 1426 Nam
996 1371 1051 1426 etsi

63 1458 68 1492 ι
86 1437 214 1494 oratione
232 1452 284 1506 pro
303 1437 334 1492 L.
352 1436 469 1493 Murena
487 1436 593 1492 Catone
616 1439 766 1493 accusante
785 1439 943 1494 Stoicorum
960 1438 1051 1510 παρά-

63 1509 109 1574 ιξα
125 1506 294 1578 perstringit
312 1508 342 1561 et
361 1507 392 1562 in
410 1507 545 1562 librorum
564 1508 600 1562 de
613 1508 714 1562 finibus
732 1508 772 1562 ΠΙ
790 1510 820 1563 et
837 1509 876 1563 IV
899 1510 1051 1564 eorundem

63 1578 200 1634 ister-itati
217 1577 420 1632 moderandum
438 1594 499 1633 esse
518 1579 627 1646 censet,
644 1579 741 1632 tamen
757 1594 815 1632 non
832 1580 892 1632 tam
906 1578 1051 1634 doctrinae

63 1649 179 1705 ctionem
205 1648 321 1703 illorum
344 1648 487 1719 improbat
510 1665 594 1717 quam
621 1648 757 1703 sermonis
785 1648 972 1704 insolentiam.
1009 1650 1051 1704 Ac

63 1720 131 1775 nmo
150 1718 265 1789 quidem
286 1717 350 1774 loco
376 1720 481 1775 bonum
509 1719 571 1773 sola
596 1719 745 1774 honestate
772 1717 924 1790 contineri,
948 1718 1050 1776 deinde

63 1789 164 1845 rcundo
182 1792 325 1858 tamquam
344 1788 518 1845 consectario
533 1789 658 1844 ostendit
670 1788 899 1846 honestissimum
913 1807 1050 1860 quemque

63 1883 68 1915 ι
87 1877 118 1915 se
136 1876 193 1915 uno
210 1860 313 1915 habere
332 1860 427 1915 omnia
444 1861 517 1914 bene
534 1860 672 1929 beateque
690 1859 805 1915 vivendi
825 1861 974 1930 praesidia.
1009 1863 1052 1916 Ex

63 1931 85 1985 is
104 1931 201 1984 eutem
217 1930 286 1985 locis
304 1933 406 1998 cetera,
430 1947 502 2000 qnae
525 1930 658 2000 deinceps
681 1929 871 2001 persequitur,
896 1933 1052 2001 aptarunt

63 2003 72 2055 t
91 2015 234 2069 suspensa
258 2001 357 2071 Itaque
375 2000 477 2056 tertius
495 2000 574 2055 locus
588 2001 866 2070 estdepeccetorum
879 2001 1052 2070 aequalitate

63 2068 176 2126 mnium
201 2069 338 2134 Quartide
348 2073 498 2128 stultorum
507 2070 618 2125 insania
626 2070 683 2126 loci
691 2087 783 2141 pauca
791 2071 878 2127 verba
886 2075 1050 2142 supersunt3

63 2139 170 2211 equitur
182 2140 271 2210 aliud,
285 2159 340 2212 qno
379 2143 460 2198 robat
474 2141 565 2196 solum
579 2141 735 2213 sapientem
750 2159 811 2198 esse
825 2142 928 2211 civem,
948 2144 1051 2200 stultos

63 2228 138 2266 mnes
153 2211 247 2266 exules
261 2162 389 2284 exempfo
405 2230 471 2268 usus
491 2211 623 2281 alicuius,
646 2231 729 2283 quem
749 2212 831 2270 Clodi
848 2214 971 2271 similem
990 2232 1050 2272 esse

63 2282 135 2353 ugit,
158 2282 319 2338 adversarii.
357 2283 460 2356 qup'nto
473 2284 552 2354 loco,
571 2300 625 2353 quo
644 2283 674 2342 L.
694 2284 842 2340 Lucullum
860 2287 946 2354 amne
964 2286 1052 2341 etiam

63 2352 221 2409 [ortensinm
234 2353 347 2410 videtur
361 2370 483 2425 carpere,
501 2355 558 2407 nisi
576 2355 733 2424 sapientem
750 2356 882 2411 libertate
895 2356 951 2409 frui
964 2357 1051 2410 nemi·

63 2440 105 2480 em
119 2424 211 2491 docet,
223 2440 307 2495 posse
321 2426 416 2480 autem
429 2440 662 2492 unumquemque
676 2425 719 2478 ita
732 2425 836 2490 vivere,
850 2427 884 2478 ut
896 2425 975 2490 velit,
994 2424 1013 2480 i.
1025 2441 1050 2480 e.

63 2495 159 2550 berum
176 2511 245 2563 esse,
260 2495 382 2550 simodo
396 2496 574 2551 honestatem
588 2495 727 2562 sequatur.
747 2493 873 2561 Denique
890 2494 968 2547 sexto
977 2493 1051 2562 loco,

63 2583 95 2621 uo
114 2564 151 2623 M.
173 2564 302 2620 Crassum
321 2566 439 2621 divitem
457 2562 652 2635 reprehendit,
677 2563 778 2617 aerarii
794 2562 825 2617 in
843 2562 991 2617 consulatu
1010 2580 1052 2618 se·

63 2635 131 2691 mdo
147 2638 182 2706 (a.
197 2653 223 2694 u.
235 2653 257 2690 c.
273 2639 336 2705 699)
351 2636 467 2707 expilati
482 2634 599 2690 infamia
611 2634 774 2702 notabilem,
789 2631 881 2689 solum
895 2632 1052 2704 sapientem

63 2707 82 2762 it
104 2706 227 2776 gaudem
246 2706 369 2774 diviua,
393 2710 427 2761 ut
449 2722 521 2776 quae
544 2723 608 2761 cum
625 2705 655 2760 in
678 2704 779 2760 ceteris
801 2703 966 2776 virtutibus,
990 2707 1052 2761 tum

63 2777 160 2832 mxime
178 2777 209 2832 in
227 2777 402 2833 continentia
419 2777 477 2832 sint
494 2777 613 2847 positae.
643 2776 704 2832 Hoc
717 2779 812 2832 autem
824 2777 953 2834 brevium
969 2793 1052 2846 quae·

63 2848 177 2916 ionum,
201 2849 276 2918 quod
295 2848 331 2903 ad
354 2848 391 2904 Μ.
410 2847 528 2902 Brutum
545 2847 648 2917 mittit,
671 2849 867 2904 munusculum
884 2848 967 2904 unius
985 2848 1053 2903 anni

63 2935 181 2990 empore,
202 2922 235 2973 ut
251 2917 377 2987 videtur,
395 2919 513 2973 hiberno
533 2919 718 2990 compositum
737 2935 798 2974 esse
817 2937 833 2975 e
855 2919 992 2990 prooemii
1006 2924 1052 2985 §5

63 2991 166 3060 pparet.
194 2990 236 3045 Ac
254 3005 423 3059 quamquam
438 2988 534 3045 Cicero
549 2990 680 3045 Crassum
697 3006 721 3047 a.
736 3008 763 3047 u.
779 3007 801 3044 c.
818 2996 868 3046 701
884 2992 914 3044 et
923 2989 1053 3044 Clodium

63 3067 94 3116 02
111 3059 275 3115 interfectos
295 3060 405 3131 dialogi
421 3060 538 3116 licentia
556 3060 611 3115 sibi
630 3062 727 3115 adesse
745 3059 840 3128 potuit
859 3059 978 3125 fingere,
996 3074 1053 3111 non

63 3148 137 3186 tmen
154 3133 221 3203 post
238 3147 363 3186 mensem
382 3129 450 3187 anni
474 3137 525 3188 ⁷08
543 3130 666 3197 lunium,
690 3146 745 3196 quo
769 3127 837 3180 Cato
856 3129 976 3180 mortem
998 3125 1053 3179 sibi

63 3201 142 3257 'ticae
162 3201 306 3270 conscivit,
326 3203 470 3258 conditum
488 3202 543 3256 boc
562 3199 726 3269 opusculum
745 3212 805 3250 esse
823 3195 945 3250 videtur.

109 3379 349 3467 Animadverti,
379 3381 495 3466 Brute,
528 3400 624 3463 saepe
651 3376 823 3461 Catonem,
859 3372 1087 3464 avunculumr

63 3493 145 3555 num,
167 3493 241 3536 cnm
263 3470 298 3535 in
322 3476 438 3539 senatu
460 3467 656 3538 sententiam
680 3465 808 3550 diceret,
831 3464 920 3530 locos
936 3481 1052 3549 graves
