2408 4124
131 206 193 268 158
368 200 462 256 CATO
481 199 600 255 MAIOR
617 198 666 253 DE
686 199 898 254 SENECTUTE

128 386 169 430 ne
191 362 433 430 crudelissimus
457 360 586 444 quidem
608 359 714 425 hostis
736 359 859 426 honore
880 362 1073 445 sepulturae
1087 384 1121 428 ec

129 474 199 517 rere
222 472 338 536 passus
362 454 420 534 est,
444 448 500 513 sed
522 449 668 533 legiones
690 451 831 532 nostras,
853 449 944 532 quod
970 450 1107 535 scripsi

130 539 331 625 Originibus,
370 538 406 601 in
442 558 515 601 eum
553 536 659 601 locum
698 556 793 620 saepe
828 535 1003 621 profectas
1044 539 1084 602 alr
1097 536 1120 595 ω’

130 627 237 692 animo
261 630 295 691 et
318 627 434 707 erecto,
456 623 540 687 unde
564 645 598 687 se
620 622 780 687 redituras
802 645 989 708 numquam
1007 626 1086 691 arb’

129 718 251 780 rentur.
297 710 389 787 Quod
411 711 514 796 igitur
537 710 777 793 adulescentes„
799 715 833 775 et
858 711 885 775 ii
912 713 1052 797 quidem
1084 744 1123 769 u,

131 803 237 867 solum
259 798 391 881 indocti,
414 798 470 863 sed
493 797 591 863 etiam
614 798 735 882 rustici,
757 801 985 886 contemnunt,
1004 801 1040 877 id
1065 830 1115 857 a,

78 909 92 957 r
131 910 223 954 senes
246 887 479 952 extimescent‘?
507 885 659 969 Omnino,
683 889 721 950 ut
743 885 824 950 mihi
847 887 985 971 quidem
1007 912 1108 955 vva-12

4 978 14 1059 ξ
30 978 36 1005 ‘
50 978 61 1008 ‘·
73 976 83 1012 <
95 909 312 1055 herodiorum
331 974 475 1039 omnium
488 974 623 1039 satietas
637 972 724 1039 vitae
737 973 816 1041 facit
830 974 1035 1043 satietatem.
1066 1005 1123 1034 »uo

31 1035 46 1093 Υ
129 1060 287 1150 pueritiae
311 1062 418 1127 studia
440 1065 543 1146 certa,
566 1083 644 1127 num
666 1061 769 1148 igitur
791 1083 830 1127 ea
851 1062 1047 1130 desiderant
1074 1095 1122 1130 :m

117 1151 310 1235 ,lescentes‘d
342 1153 418 1215 sunt
439 1148 581 1215 ineuntis
608 1149 858 1234 adulescentiae3
888 1172 974 1217 num
1003 1175 1045 1218 ea
1076 1183 1101 1209 a

25 1268 40 1325 p
130 1239 310 1303 stansiam
337 1238 474 1322 requirit
502 1241 607 1321 aetas,
639 1259 720 1322 quae
750 1237 855 1303 media
882 1237 1031 1306 dicitnr?
1071 1270 1120 1296 :es

23 1328 27 1345 ”
130 1327 230 1391 etiam
253 1327 321 1391 eius
345 1325 477 1409 aetatis,
508 1346 549 1390 ne
577 1346 615 1390 ea
642 1325 771 1410 quidem
798 1331 1004 1410 quaeruntur
1034 1329 1071 1393 in
1096 1358 1099 1363 ·

128 1416 272 1497 nectute3
291 1417 367 1479 sunt
385 1417 529 1478 extrema
543 1413 702 1498 quaedam
717 1412 825 1477 studia
838 1416 1038 1500 senectutis,
1055 1438 1099 1495 er,

128 1506 167 1568 ut
189 1503 392 1586 superiorum
415 1504 560 1566 aetatum
588 1500 696 1565 studia
723 1501 886 1584 occidunt,
912 1501 963 1568 sio
992 1504 1112 1571 occid

77 1591 229 1703 21etiam
253 1589 443 1673 senectutis3
467 1588 644 1672 quodcum
663 1588 779 1673 evenit,
797 1589 932 1654 satietas
952 1591 1046 1656 vitae
1083 1622 1101 1645 π

78 1719 109 1767 77
129 1701 189 1763 pus
218 1682 382 1743 maturum
414 1677 530 1742 mortis
558 1676 671 1741 adfert.
716 1673 793 1742 Non
819 1676 906 1741 enim
931 1678 1047 1763 video,
1081 1708 1106 1735 o

131 1766 207 1850 quid
229 1767 299 1850 ipse
323 1764 462 1830 sentiam
483 1765 522 1828 de
540 1767 654 1848 morte,
670 1785 738 1829 non
756 1763 891 1829 audeam
908 1766 1009 1832 vobis
1028 1767 1121 1849 dicae,

131 1853 216 1937 quod
239 1875 277 1917 eo
301 1870 429 1917 eernere
452 1851 534 1918 mihi
556 1851 672 1917 melius
694 1851 818 1935 videor,
849 1874 912 1936 quo
936 1854 982 1918 ab
1007 1876 1046 1920 ea
1068 1874 1121 1940 pro

129 1941 202 2025 pius
231 1940 354 2004 absum.
399 1939 472 2025 Ego
499 1943 626 2004 vestros
654 1941 778 2024 patres,
808 1939 844 2003 P.
871 1937 1001 2039 Scipio,
1031 1947 1121 2026 tuquq

129 2027 164 2092 O.
178 2027 278 2112 Laeli,
298 2028 386 2093 viros
406 2026 604 2091 clarissimos
622 2026 766 2111 mihique
784 2027 1015 2115 amicrssimos,
1032 2031 1094 2096 viv

130 2115 286 2198 arbitror,
318 2116 351 2178 et
378 2136 450 2178 earn
475 2113 605 2197 quidem
633 2114 750 2198 vitam,
781 2136 862 2197 quae
890 2119 940 2179 est
971 2116 1123 2184 solariis

128 2201 334 2266 nominanda.
378 2199 481 2284 Nam,
504 2200 581 2265 dum
603 2224 714 2267 sumus
736 2202 853 2268 inclusi
875 2203 911 2267 in
931 2203 989 2269 his
1014 2226 1131 2291 comps

130 2288 225 2373 gibus
249 2287 407 2371 corporis,
435 2309 566 2352 munere
594 2289 734 2373 quodam
755 2290 962 2355 necessitatis
989 2298 1024 2358 et
1047 2288 1133 2381 grad.

129 2397 225 2460 opere
248 2374 487 2461 perfungimur3
519 2378 569 2440 est
596 2377 682 2442 enirn
705 2377 831 2443 animus
854 2379 1011 2447 caelestis
1036 2380 1126 2447 exal·

128 2464 255 2529 tissime
280 2463 442 2529 domicilio
467 2462 636 2549 depressus
660 2467 693 2529 et
717 2464 811 2549 quasi
833 2466 1003 2534 demersus
1028 2470 1064 2534 in
1099 2498 1109 2525 s

128 2575 208 2637 ram,
230 2553 338 2618 locum
361 2552 488 2618 divinae
506 2555 641 2617 naturae
660 2553 908 2638 aeternitatique
927 2558 1128 2623 contrarium

129 2639 192 2705 Sed
210 2641 304 2705 eredo
325 2640 401 2704 deos
420 2640 611 2705 inmortales
630 2640 788 2724 sparsisse
802 2641 929 2707 animos
945 2642 986 2709 in
1006 2664 1133 2732 corpora

127 2728 284 2809 humana,
311 2730 348 2789 ut
371 2730 494 2811 essent,
516 2727 572 2811 qui
594 2731 699 2793 terras
722 2732 903 2812 tuerentur,
926 2731 1054 2818 quique
1076 2753 1138 2801 aas·

128 2814 262 2878 lestium
285 2813 430 2877 ordinem
453 2816 710 2901 contemplantes
732 2815 939 2882 imitarentur
957 2841 1040 2887 eum
1056 2820 1133 2889 rit'ss

129 2901 225 2966 modo
249 2903 346 2983 atque
370 2901 562 2968 constantia.
607 2902 676 2969 Nec
697 2925 749 2968 me
772 2904 879 2969 solum
901 2905 991 2972 ratio
1018 2929 1058 2976 ac
1083 2910 1133 2975 dis·

87 3037 102 3073 ¹.
129 2987 257 3073 putatio
279 2987 420 3072 impulit,
441 2993 480 3053 ut
501 2990 550 3055 ita
572 2990 746 3075 crederem,
774 2991 832 3057 sed
856 2983 1144 3064 nobilitasietian-

77 3093 110 3143 '18
130 3096 329 3140 summorum
356 3076 626 3162 philosophorum
657 3082 691 3143 et
722 3078 907 3145 auctoritas.
953 3064 1142 3155 Audieban.

128 3164 351 3249 Pythagoram
382 3164 685 3252 Pythagoreosque,
714 3167 838 3232 incolas
865 3189 968 3253 paene
998 3178 1136 3257 nostros,

130 3252 185 3337 qui
209 3255 317 3316 essent
338 3251 447 3318 Italici
461 3253 658 3338 ‘philosophi
676 3254 839 3337 quondam
856 3257 1035 3346 nominati,
1053 3282 1136 3329 num

130 3362 227 3424 quam
251 3339 430 3422 dubitasse,
460 3340 538 3424 quin
561 3362 600 3405 ex
622 3342 773 3407 universa
794 3347 902 3408 mente
925 3344 1043 3415 divina
1065 3347 1137 3415 deli

128 3428 224 3492 batos
240 3427 365 3491 animos
379 3427 583 3492 haberemus.
613 3428 933 3496 Demonstrabantur
951 3434 1042 3501 mihi
1054 3458 1137 3524 prae

128 3518 228 3600 terea,
243 3535 326 3599 quae
340 3511 490 3579 Socrates
505 3535 656 3600 supremo
670 3518 758 3583 vitae
777 3518 828 3584 die
846 3519 885 3584 de
902 3519 909 3533 '
969 3526 1138 3592 ortalitate
