2394 4126
429 269 504 329 cnr.
526 278 539 326 1
577 277 689 338 §1-4.
1000 273 1063 337 163

54 436 186 520 putata,
219 434 323 498 multa
346 433 444 498 etiam
471 433 614 498 breviter
641 436 675 496 et
701 431 868 497 commode
892 429 977 497 dicta
1000 457 1064 498 me

56 522 180 587 moriae
213 522 408 587 mandabam
433 520 567 604 fierique
596 519 766 585 studebam
797 518 864 584 eius
892 520 1063 604 prudentia

55 611 192 676 doctior.
238 607 306 684 Quo
339 612 467 674 mortuo
499 631 551 673 me
583 608 624 673 ad
656 607 843 693 pontificem
876 603 1064 673 Scaevolam

55 697 194 780 contuli,
226 719 320 782 quem
351 719 452 762 unum
483 699 614 761 nostrae
646 696 788 763 civitatis
817 699 850 761 ct
876 696 1007 781 ingenio
1031 700 1064 760 et

29 785 184 850 siustitia
211 785 551 884 praestantissimum,
560 783 660 850 audeo
689 784 801 851 dicere.
846 780 918 849 Sed
937 784 975 848 de
1001 783 1064 848 boc

57 875 154 958 alias3
175 895 260 938 nunc
283 874 378 938 redeo
402 873 443 937 ad
466 893 630 958 augmem.

123 959 206 1026 Cum
225 983 321 1045 saepe
339 962 452 1044 multa,
475 964 545 1024 tum
563 959 695 1024 memini
714 958 801 1024 domi
819 959 853 1024 in
871 960 1063 1046 hemicyclio
1082 969 1099 1018 a

57 1050 231 1133 sedentem,
254 1053 291 1112 ut
315 1049 451 1133 solebat,
474 1070 547 1114 cum
570 1051 603 1112 et
625 1069 686 1134 ego
710 1068 813 1112 essem
831 1070 896 1113 una
914 1052 946 1113 et
968 1049 1063 1133 pauci

58 1136 231 1203 admodum
249 1137 436 1219 familiares,
458 1136 491 1200 in
510 1157 583 1202 eum
604 1156 784 1201 sermonem
802 1136 897 1200 illum
914 1136 1063 1220 incidere,

18 1244 44 1284 ro
58 1226 113 1310 qui
144 1229 216 1289 tum
247 1224 332 1289 forte
364 1225 477 1290 multis
510 1228 580 1290 erat
605 1223 640 1288 in
668 1245 731 1289 ore.
776 1223 955 1289 Meministi
977 1225 1063 1290 enim
1182 1287 1186 1290 .

57 1312 221 1399 proiecto,
244 1312 368 1398 Attice,
396 1316 429 1378 et
452 1335 490 1379 eo
513 1312 632 1398 magis,
665 1311 750 1397 quod
772 1311 807 1376 P.
830 1309 972 1397 Sulpicio
995 1317 1064 1378 ute

56 1402 135 1466 bare
167 1401 321 1485 multum,
355 1424 427 1467 cum
454 1401 483 1465 is
515 1401 665 1465 tribunus
697 1401 741 1485 pl.
773 1399 907 1484 capitali
939 1400 1012 1465 odio
1044 1423 1064 1464 a

58 1489 93 1565 Q.
116 1489 282 1573 Pompeio,
306 1488 454 1572 quitum
477 1492 548 1553 erat
571 1488 697 1570 consul,
720 1486 903 1569 dissideret,
927 1508 1064 1569 quocum

58 1577 321 1643 coniunctissime
349 1579 381 1641 et
408 1574 630 1639 amantissime
659 1573 799 1656 vixerat,
831 1576 953 1655 quanta
979 1577 1065 1638 esset

19 1683 43 1724 1⁵
57 1665 226 1730 hominum
248 1663 301 1728 vel
321 1661 493 1726 admiratio
507 1660 560 1727 vel
575 1659 728 1744 querella.
759 1659 874 1742 Itaque
888 1663 959 1724 tum
973 1658 1064 1725 Scae·
1083 1670 1099 1718 3

57 1755 134 1819 vola
153 1774 226 1817 cum
239 1751 275 1815 in
293 1772 365 1815 eam
382 1750 488 1832 ipsam
507 1747 704 1812 mentionem
720 1746 894 1831 incidisset,
917 1748 1065 1832 exposuit

56 1840 153 1906 nobis
184 1858 365 1903 sermonem
388 1835 480 1899 Laeli
514 1835 553 1899 de
585 1834 728 1900 amicitia
754 1835 903 1900 habitum
937 1836 978 1900 ab
1005 1837 1065 1900 illo

58 1948 169 1993 secum
201 1927 235 1988 et
268 1945 339 1988 cum
368 1923 472 1988 altero
503 1943 631 2010 genero,
661 1920 695 1988 O.
717 1920 841 1987 Fannio
864 1922 966 1988 Marci
987 1923 1065 2009 filio,

57 2012 173 2098 paucis
197 2010 308 2076 diebus
330 2015 407 2095 post
429 2014 568 2076 mortem
590 2009 745 2076 Africani.
773 2009 853 2075 Eius
874 2011 1068 2096 disputatio-

15 2123 42 2162 πο
57 2100 111 2165 nis
136 2098 313 2164 sententias
336 2099 510 2165 memoriae
533 2093 692 2183 mandari,
716 2120 795 2184 quas
819 2098 881 2163 hoc
904 2099 988 2164 libro
1014 2122 1065 2165 ex·

56 2188 153 2274 posui
176 2187 338 2252 arbitratu
360 2209 448 2272 meo;
472 2187 564 2272 quasi
588 2186 673 2252 enim
695 2187 784 2272 ipsos
802 2187 914 2253 induxi
931 2189 1064 2273 loquen-

57 2281 118 2360 tes,
139 2296 181 2339 ne
205 2274 383 2360 ‘inquam'
406 2279 439 2340 et
468 2275 619 2360 ‘inquit’
643 2275 771 2361 saepius
794 2276 1064 2360 interponeretur,

58 2368 156 2447 atque
179 2366 217 2426 ut
242 2367 410 2446 tamquam
437 2385 458 2429 a
483 2363 709 2448 praesentibus
738 2386 847 2431 coram
873 2365 988 2429 haberi
1016 2365 1064 2430 vi-

58 2454 197 2517 deretur.

20 2557 45 2598 25
125 2537 208 2605 Cum
239 2538 325 2604 enim
352 2559 448 2622 saepe
476 2557 600 2601 mecum
629 2555 754 2622 ageres,
785 2539 824 2600 ut
855 2537 893 2600 de
921 2537 1099 2601 amicitiae

58 2627 233 2694 scriberem
256 2626 388 2710 aliquid,
411 2625 510 2711 digna
530 2623 611 2688 mihi
633 2646 685 2689 res
704 2646 776 2690 cum
795 2623 938 2712 omnium
957 2625 1064 2712 cogni-

57 2717 160 2800 tione,
178 2718 251 2779 tum
272 2717 387 2779 nostra
408 2711 632 2778 familiaritate
659 2711 730 2777 visa
757 2715 816 2777 cst.
860 2711 975 2798 Itaque
1002 2714 1064 2780 feci

57 2825 124 2870 non
146 2785 278 2886 inritus,
301 2805 339 2866 ut
360 2801 548 2887 prodessem
571 2800 685 2866 multis
706 2805 825 2888 rogatu
843 2805 909 2868 tuo.
942 2799 1004 2868 Sed
1026 2807 1064 2868 ut

57 2893 92 2956 in
122 2891 246 2956 Catone
268 2889 404 2973 Maiore,
436 2890 492 2974 qui
519 2891 569 2954 est
596 2889 735 2975 scriptus
763 2891 804 2955 ad
830 2894 863 2955 te
891 2892 930 2957 de
958 2914 1065 2957 senec·

20 2995 44 3038 co
57 2984 142 3062 tute,
170 2977 328 3044 Catonem
348 2977 459 3042 induxi
482 2998 591 3043 senem
615 2978 848 3064 disputantem,
873 2980 949 3064 quia
971 2981 1063 3044 nulla

57 3068 230 3133 ridebatur
253 3066 361 3151 aptior
382 3088 530 3151 persona,
554 3089 635 3151 quae
659 3068 696 3132 de
715 3068 774 3132 illa
794 3071 900 3132 aetate
919 3068 1065 3150 loquere·

56 3159 126 3239 tur,
149 3176 248 3239 qnam
271 3155 353 3239 eius,
376 3155 432 3239 qui
455 3158 487 3220 et
510 3155 691 3220 diutissime
715 3176 810 3219 senex
833 3154 949 3216 fuisset
972 3157 1004 3216 et
1029 3152 1063 3214 in

55 3245 130 3329 ipsa
153 3246 317 3308 senectute
339 3247 468 3329 praeter
490 3247 614 3309 ceteros
637 3241 811 3320 floruisset,
834 3238 893 3320 sic,
918 3260 990 3302 cum
1014 3259 1064 3301 ac·

56 3332 253 3418 cepissemus
279 3354 299 3396 a
320 3332 469 3417 patribus
493 3330 632 3395 maxime
654 3324 899 3389 memorabilem
917 3323 952 3388 O.
970 3323 1062 3388 Laeli

12 3437 40 3481 aa
56 3423 90 3485 et
126 3418 163 3483 P.
193 3416 351 3504 Scipionis
386 3417 645 3484 familiaritatem
681 3412 795 3495 fuisse,
830 3412 947 3475 idonea
982 3411 1063 3477 mihi

55 3507 149 3573 Laeli
170 3529 310 3592 perrona
331 3508 403 3573 risa
426 3509 491 3588 ert,
520 3523 603 3586 quaa
625 3501 664 3565 de
688 3499 830 3565 amicitia
853 3521 891 3563 ea
910 3497 983 3581 ipsa
1001 3500 1062 3565 dis-

56 3599 195 3681 sereret,
228 3617 308 3680 quae
339 3593 503 3677 disputata
535 3589 575 3653 ab
604 3608 642 3653 eo
669 3587 870 3653 meminisset
898 3583 1062 3656 Scaevola.

798 3689 851 3746 11*
