2394 4126
172 291 235 357 196
316 287 471 345 LAELIUS
489 288 539 342 DE
557 287 730 344 AMICITIA.
764 288 840 346 CAP.
860 296 903 347 27.
935 296 1028 357 5104.

171 451 287 518 studiis
315 450 420 518 (lisam
450 450 664 538 cognoscendi
691 473 819 536 semper
846 451 968 535 aliquid
1002 456 1070 536 atq1

171 540 301 607 scendi?
328 540 363 605 in
385 539 501 625 quibus
524 538 642 604 remoti
665 539 705 604 ab
729 539 831 605 oculis
851 540 965 625 populi
984 562 1070 605 omne

170 651 243 696 sum
264 634 394 713 tempus
417 626 638 693 contrivimus.
683 626 827 702 Quarum
853 648 960 692 rerum
995 650 1070 694 reso·

171 720 204 783 et
235 716 392 782 memoria
424 715 452 779 si
483 735 549 780 una
578 736 650 781 eum
681 716 740 781 illo
768 716 951 800 occidisset,
984 716 1070 780 desid

169 801 426 872 coniunctissimi
445 805 542 888 atque
561 804 776 870 amantissimi
794 804 857 869 viri
876 804 961 869 ferre
974 805 1065 870 nullo

169 914 307 980 possem
340 888 403 954 Sed
425 912 484 957 nea
505 890 566 956 illa
588 893 731 958 extincta
754 896 829 957 sunt
853 894 1070 979 alunturque]

169 985 203 1046 et
226 981 386 1064 augentur
409 979 607 1068 cogitatione
631 984 664 1045 et
687 981 843 1046 memoria
871 1004 955 1066 mea,
984 986 1030 1066 et,
1058 1003 1070 1046 s

168 1068 265 1153 plane
298 1067 432 1132 orbatus
465 1089 582 1152 essem,
619 1090 774 1155 magnum
811 1074 922 1135 tamen
959 1070 1063 1134 adfert

168 1158 260 1220 aetas
281 1153 355 1239 ipsa
377 1156 541 1221 solacium.
578 1156 709 1222 Diutius
738 1157 823 1222 enim
850 1159 916 1222 iam
943 1158 978 1222 in
1004 1159 1065 1224 hoe

169 1243 256 1307 derio
281 1263 351 1308 esse
373 1266 439 1309 non
461 1266 603 1330 possum.
649 1244 766 1310 Omnia
792 1250 902 1311 autem
924 1246 1036 1311 brevia
1058 1250 1070 1309 t

167 1331 248 1396 bilia
271 1352 341 1397 essa
365 1333 491 1416 debent,
514 1333 643 1399 etiamsi
665 1355 785 1419 magna
808 1338 892 1400 sunt.

233 1418 324 1486 Haec
346 1420 446 1486 habui
470 1421 508 1486 de
531 1421 675 1488 amicitia
697 1444 779 1506 quae
799 1422 945 1488 dicerem.
978 1421 1045 1486 Vos
1064 1445 1070 1485 a

167 1508 291 1594 beator,
313 1511 351 1574 ut
368 1509 417 1574 ita
438 1509 594 1575 virtutem
617 1510 739 1593 locetis,
763 1510 830 1575 sine
854 1533 919 1595 qua
942 1510 1070 1575 amicitia

167 1618 234 1662 non
254 1601 373 1683 potest,
395 1601 433 1663 ut
456 1620 494 1663 ea
517 1601 651 1684 excepta
671 1599 754 1664 nihil
778 1598 922 1664 amicitia
943 1602 1070 1683 praesta

167 1686 298 1772 putatis.
