2394 4126
395 233 428 304 v,
446 233 492 287 vl.
521 240 536 299 s
555 240 668 289 40-46.
966 236 1029 298 211

76 397 140 462 icet
168 394 319 477 divitem,
349 415 416 459 non
447 394 614 459 hominum
643 415 748 459 sermo
776 416 879 480 neque
906 417 1032 481 posses·

77 506 128 549 res
151 488 239 548 tuae.
284 481 377 546 Nihil
400 482 464 546 sibi
488 483 597 548 deesse
619 486 724 567 putat,
746 482 828 547 nihil
852 487 944 548 curat
967 506 1032 548 am·

77 594 121 657 rs,
150 572 290 637 satiatus
314 574 364 634 est
387 574 444 634 aut
467 575 636 635 contentus
659 571 758 635 etiam
781 571 930 655 pecunia;
960 594 1032 637 con-

78 682 107 745 o,
127 660 219 725 dives
234 661 292 724 est.
324 655 381 722 Sin
396 661 504 722 autem
522 661 656 743 propter
675 659 864 724 aviditatem
878 660 1031 744 pecuniae

78 750 148 813 lum
177 750 349 832 quaestum
376 749 505 830 turpem
532 750 643 831 putas,
675 769 746 812 cum
774 747 831 812 isti
859 747 963 812 ordini
990 769 1031 812 ne

77 839 178 902 cestus
203 835 332 918 quidem
354 834 460 918 possit
483 855 553 898 esse
575 834 677 917 ullus,
699 835 728 898 si
750 835 868 901 cotidie
890 834 1032 919 fraudas,

77 924 152 1009 ipis,
175 922 293 1008 poscis,
315 922 496 1006 pacisceris,
520 921 636 1005 auferS,
659 923 766 1007 eripis,
789 924 818 987 si
836 924 940 989 socios
960 946 1031 1008 spo·

77 1036 98 1097 r,
130 1011 293 1076 aerarium
326 1011 464 1094 expilas,
496 1010 525 1074 si
557 1013 754 1075 testamenta
786 1013 963 1078 amicorum
993 1033 1032 1077 ac

77 1103 174 1165 rectas
212 1098 341 1182 quidem
376 1102 473 1181 atqua
504 1098 574 1182 ipse
606 1099 774 1182 supponis,
810 1099 891 1165 haec
922 1104 1031 1165 utrum

77 1187 221 1252 mdantis
249 1208 290 1251 an
317 1187 443 1273 egentis
467 1185 562 1271 signa
584 1187 681 1251 sunt?
727 1187 866 1253 Animus
888 1188 1029 1254 hominis
1049 1204 1083 1253 44

79 1298 127 1359 es,
153 1297 220 1340 non
247 1296 335 1357 arca,
362 1295 439 1356 quoe
466 1274 624 1358 appellari
653 1275 746 1340 solet.
791 1275 945 1350 Quamvis
971 1277 1031 1341 illa

91 1364 197 1447 plena,
219 1361 295 1427 dum
315 1366 349 1426 te
366 1363 497 1426 inanem
515 1362 640 1446 videbo,
664 1363 796 1428 divitem
814 1385 881 1429 non
898 1365 1030 1448 putabo.

77 1452 156 1516 enim
183 1472 222 1515 ex
246 1472 297 1532 eo,
328 1454 485 1535 quantum
513 1450 626 1533 cuique
655 1451 734 1515 satis
763 1455 826 1533 est,
852 1452 1031 1516 metiuntur

77 1539 170 1604 mines
184 1537 371 1603 divitiarum
385 1538 525 1603 modum.
556 1536 673 1601 Filiam
687 1538 759 1620 quis
774 1538 882 1616 habet,
895 1539 1031 1622 pecunia

99 1648 193 1711 opus3
222 1626 316 1709 duas,
338 1627 474 1708 maiore3
501 1625 617 1710 pluris,
641 1625 763 1690 maiore
785 1625 897 1708 etiam3
926 1626 967 1707 si,
993 1630 1031 1689 ut

77 1718 117 1778 nt
142 1713 165 1796 †
191 1713 341 1779 Danaum
369 1713 606 1798 quinquaginta
634 1713 699 1777 sint
725 1712 825 1797 filiae,
857 1716 909 1778 tot
939 1713 1030 1778 dotes

77 1823 177 1887 agnam
205 1805 364 1885 quaenmt
390 1801 569 1886 pecuniam.
615 1799 778 1876 Quantum
808 1800 893 1866 enim
917 1802 1031 1885 cuique

77 1910 107 1954 us
125 1894 183 1974 est,
202 1890 243 1954 ad
261 1890 294 1952 id
313 1889 582 1972 accommodatur,
601 1892 638 1952 ut
657 1893 732 1953 ante
751 1888 824 1972 dixi,
844 1889 1031 1954 divitiarum

77 1976 147 2042 dus.
183 1975 245 2053 Qui
263 1977 274 2041 i
300 1977 365 2043 'tur
382 1999 448 2042 non
466 1977 552 2041 filias
570 1977 689 2061 plures,
708 1977 764 2041 sed
777 1977 1030 2042 innumerabiles

77 2065 217 2148 piditates
235 2065 279 2130 ha
302 2069 343 2148 et,
367 2087 448 2150 quae
467 2065 559 2130 brevi
576 2068 722 2149 tempore
741 2064 899 2129 maximas
920 2065 1029 2150 copias

77 2154 192 2218 raurire
210 2154 347 2238 possint,
369 2154 455 2218 hunc
473 2174 537 2236 quo
556 2153 652 2218 modo
671 2174 732 2238 ego
756 2153 929 2238 appellabo
953 2153 1031 2218 divi·

77 2262 107 2322 n,
132 2263 204 2306 cunr
231 2242 301 2326 ipse
324 2262 418 2328 egere
442 2262 476 2305 se
500 2241 642 2306 sentiat?
687 2241 784 2307 Multi
807 2238 846 2306 ex
868 2246 902 2307 ta
925 2241 1030 2307 audie·
1049 2258 1082 2307 45

77 2332 114 2410 rt,
145 2351 217 2395 cum
249 2329 370 2395 diceres
402 2328 564 2394 neminem
596 2351 666 2394 esse
699 2330 848 2414 divitem,
878 2330 943 2395 nisi
975 2330 1031 2412 qui

77 2417 199 2482 ercitum
228 2418 312 2482 alere
339 2421 451 2503 posset
477 2416 544 2481 suis
571 2416 746 2502 fructibus,
778 2418 864 2501 quod
890 2417 1030 2502 populus

79 2527 189 2570 manus
216 2505 318 2570 tantis
345 2505 560 2592 vectigalibus
587 2504 651 2570 iam
680 2505 805 2590 pridem
832 2505 885 2570 vix
911 2508 1030 2589 potest.

77 2613 113 2677 go
135 2593 196 2658 hoo
219 2593 387 2678 proposito
410 2615 586 2677 numquam
610 2593 673 2658 eris
697 2593 785 2658 dives
814 2596 903 2676 ante,
933 2614 1031 2676 quam

76 2680 86 2741 i
113 2703 150 2745 ex
178 2682 243 2745 tuis
270 2681 530 2765 possessionibus
563 2685 692 2747 tantum
719 2681 894 2766 reficietur,
928 2686 965 2746 ut
992 2704 1031 2747 eo

77 2769 108 2832 ri
122 2791 177 2833 sex
192 2769 337 2854 legiones
351 2773 384 2834 et
398 2791 518 2855 magna
532 2771 676 2855 equitum
695 2792 732 2835 ac
750 2770 896 2856 peditum
911 2771 1032 2836 auxilia

77 2856 138 2921 esis.
182 2856 253 2921 Iam
279 2857 394 2922 fateris
421 2858 523 2942 igitur
550 2881 616 2924 non
644 2880 714 2924 essa
741 2863 773 2925 te
802 2859 949 2944 divitem,
980 2859 1032 2925 cui

77 2947 152 3008 itum
181 2945 276 3028 desit,
308 2949 344 3009 ut
374 2946 504 3030 expleas
536 2946 582 3031 id,
615 2948 701 3033 quod
728 2952 871 3034 exoptas.
915 2948 1031 3031 Itaque

77 3055 121 3096 om
147 3037 374 3118 paupertatem
401 3034 453 3098 vel
480 3035 590 3120 potius
618 3039 798 3122 egestatem
821 3058 859 3101 ac
881 3035 1031 3099 mendici-

77 3142 126 3184 em
152 3125 243 3185 tuam
270 3143 448 3205 numquam
476 3122 612 3188 obscure
639 3123 753 3187 tulisti.
798 3121 884 3186 Nam
916 3124 954 3185 ut
980 3121 1030 3203 iis,
1048 3099 1083 3223 {6

95 3208 231 3274 honeste
248 3230 318 3274 ram
342 3214 500 3294 quaerunt
523 3209 713 3275 mercaturis
735 3207 900 3290 faciendis,
923 3207 1030 3291 operis

76 3295 146 3381 ldis,
163 3297 301 3382 publicis
316 3298 489 3382 sumendis,
506 3296 727 3382 intellegimus
746 3318 827 3381 opus
846 3316 917 3359 esse
935 3316 1031 3379 quae-

77 3406 100 3468 r,
132 3383 192 3469 sio,
224 3385 279 3469 qui
310 3385 400 3450 videt
432 3386 519 3450 domi
550 3389 626 3449 tuae
655 3384 778 3468 pariter
807 3387 1030 3449 accusatorum

77 3493 119 3536 ue
150 3472 292 3538 indicum
324 3473 526 3538 consociatos
559 3493 689 3559 greges,
726 3473 781 3556 qui
812 3474 965 3538 nocentes
997 3473 1031 3535 et

77 3559 211 3626 uniosos
239 3583 311 3627 reos
340 3561 452 3626 eodem
479 3565 512 3627 te
541 3564 650 3625 actore
678 3561 897 3645 corruptelam
919 3557 1029 3625 iudicii

815 3661 868 3718 14*
