2394 4126
197 275 260 339 188
497 273 651 329 LAELIUS
669 273 718 329 DE
736 273 899 329 AMICITIA

194 439 329 520 propter
352 435 584 501 dissensionem
607 438 724 519 autem,
747 456 829 519 quae
853 438 924 499 erat
946 434 980 498 in
1001 455 1035 499 re
1058 431 1151 518 pub'

196 525 355 589 alienatus
380 528 430 605 est
452 546 472 588 a
495 522 622 608 collega
641 527 754 586 nostro
773 522 921 606 Metello;
943 526 1104 606 utrumque
1122 550 1145 597 ‘u

196 612 353 698 graviter,
386 610 579 677 auctoritate
603 613 636 673 et
660 609 835 675 offensione
863 609 963 674 animi
988 631 1053 676 non
1073 629 1152 679 acer.

144 716 176 765 78
196 699 299 774 Quam
324 701 365 764 ob
388 720 456 762 rem
479 698 621 782 primum
645 698 750 762 danda
772 719 871 781 opera
895 701 953 781 est,
975 718 1016 762 ne
1039 718 1098 781 qna
1184 715 1197 768 ι

196 809 307 852 corum
330 785 463 850 discidia
484 785 580 869 fiant;
603 786 653 850 sin
676 787 743 849 tale
766 784 890 869 aliquid
913 786 1066 866 evenerit,
1086 787 1117 849 ut
1136 797 1162 846 ιζ
1187 803 1197 872 t

195 877 316 939 tinctae
349 873 459 956 potius
493 873 653 938 amicitiae
687 895 784 956 quam
815 894 990 957 oppressae
1022 873 1159 938 videno

196 959 380 1026 Cavendum
403 982 494 1045 vero,
525 983 566 1026 ne
594 961 693 1025 etiam
722 961 757 1024 in
780 981 897 1046 graves
919 960 1100 1026 inimicitias
1123 958 1162 1013 of:

194 1050 324 1114 vertant
348 1069 381 1113 se
405 1049 580 1132 amicitiae,
603 1071 642 1113 ex
661 1048 911 1134 quibusiurgia,
930 1048 1147 1133 maledictae<
1191 1063 1197 1117 1

194 1135 347 1198 tumeliae
371 1136 559 1222 gignuntur.
595 1135 683 1211 Quae
706 1140 817 1200 tamen
839 1136 868 1200 si
890 1136 1077 1202 tolerabiles
1094 1155 1110 1201 c
1128 1131 1165 1212 ud,
1193 1154 1197 1204 1

193 1222 343 1287 ferendae
363 1229 451 1309 sunt,
479 1228 512 1289 et
534 1224 587 1289 hic
613 1224 717 1289 honos
745 1224 849 1289 veteri
875 1224 1038 1290 amicitiae
1059 1219 1164 1289 triba*
1194 1242 1197 1289 l

195 1310 262 1412 dus,
282 1315 322 1412 nt
340 1310 368 1374 is
391 1312 544 1396 inculpa
567 1312 624 1397 sit,
647 1313 703 1396 qui
725 1311 838 1395 faciat,
868 1333 947 1396 non,
975 1312 1030 1397 qui
1196 1330 1197 1374 l

193 1421 353 1463 mmnam.

261 1487 567 1565 Omnino-omnium
590 1489 706 1553 horum
730 1488 883 1552 vitiorum
906 1491 1005 1572 atque
1026 1508 1165 1557 meone·¹

195 1576 309 1641 dorum
331 1599 396 1640 una
418 1577 525 1642 cautio
550 1580 600 1641 est
619 1580 716 1660 atque
735 1598 800 1640 una
817 1575 971 1660 provisio,
994 1578 1089 1641 utne
1108 1599 1153 1631 ιΗΙ

142 1678 174 1727 79
195 1665 259 1728 cito
282 1665 417 1750 diligere
440 1665 597 1749 incipiant
620 1685 700 1729 neve
723 1685 789 1728 non
812 1663 936 1748 dignos.
972 1661 1074 1748 Digni
1090 1662 1170 1728 {auten¹

194 1757 271 1815 sunt
299 1753 454 1837 amicitia,
488 1753 604 1836 quibus
630 1752 664 1815 in
687 1752 767 1836 ipsis
790 1752 876 1815 inest
898 1773 1011 1836 causa,
1042 1772 1097 1817 cur
1123 1742 1172 1813 dit

195 1842 322 1924 gantur.
367 1839 491 1904 Rarum
514 1861 625 1925 genus.
669 1838 714 1904 Et
742 1839 870 1923 quidem
899 1839 1009 1904 omnia
1033 1836 1173 1925 praalon

193 1949 276 2006 rara,
297 1948 357 1991 neo
380 1929 552 2012 quicquam
576 1927 738 1992 difficilius
762 1949 859 2011 quam
878 1927 1029 2012 reperire,
1052 1918 1173 2012 quodcit

194 2015 283 2079 omni
306 2037 344 2079 ex
366 2020 459 2100 parte
482 2016 517 2079 in
539 2038 597 2080 suo
621 2036 738 2100 genere
758 2014 947 2098 perfectum.
979 2013 1042 2080 Sed
1055 2011 1173 2107 pleriquq

193 2125 296 2185 neque
318 2102 353 2167 in
375 2104 472 2167 rebus
491 2103 642 2168 humanis
661 2104 832 2186 quicquam
850 2103 973 2168 bonum
990 2106 1116 2187 norunt,
1128 2096 1174 2165 niu

194 2191 280 2272 quod
301 2190 503 2255 fructuosum
528 2191 580 2274 sit,
603 2193 636 2254 et
655 2190 775 2254 amicos
799 2193 968 2273 tamquam
985 2189 1119 2276 pecudea
1135 2200 1190 2249 8⁰⁸.

192 2276 400 2360 potissimum
423 2277 578 2362 diligunt,
602 2276 775 2360 exquibus
799 2282 933 2360 sperant
955 2299 990 2343 se
1014 2288 1176 2344 maxnmon

140 2379 173 2429 80
192 2364 334 2430 fructum
353 2386 423 2429 esse
437 2360 598 2450 capturos.
633 2363 687 2430 Ita
700 2365 918 2450 pulcherrima
931 2365 991 2431 illa
1005 2371 1039 2431 et
1052 2376 1176 2432 maxumi

191 2453 335 2519 naturali
358 2458 470 2520 carent
493 2454 636 2522 amicitia
657 2477 716 2540 per
738 2475 771 2518 se
791 2457 824 2518 et
840 2457 977 2539 propter
999 2475 1035 2520 sc
1058 2448 1188 2540 expetita·

191 2564 250 2608 nec
282 2543 346 2628 ipsi
378 2543 441 2608 sibi
473 2545 620 2629 exemplo
653 2548 741 2628 sunt,
772 2542 853 2607 haec
887 2541 938 2607 vio
971 2542 1128 2608 amicitiae
1154 2534 1179 2599 tl

193 2632 299 2712 qualis
323 2636 355 2695 et
384 2635 506 2714 quanta
537 2633 589 2696 sit
633 2629 708 2715 Ipse
741 2631 827 2694 enim
855 2650 891 2694 se
919 2629 1056 2716 quiaque
1082 2622 1180 2725 diligt

190 2737 257 2780 non
279 2720 317 2781 ut
340 2718 481 2800 aliquam
505 2742 525 2781 a
548 2739 582 2782 se
609 2718 679 2800 ipse
706 2716 886 2782 mercedem
915 2716 1027 2804 exigat
1053 2716 1180 2784 canan

192 2824 282 2886 suae,
310 2804 366 2866 sed
390 2804 476 2886 quod
498 2825 556 2886 per
579 2823 614 2865 se
637 2802 700 2865 sibi
724 2804 859 2887 quisque
883 2826 976 2870 carus
1004 2810 1064 2872 est
1107 2794 1182 2880 Quod

191 2888 255 2952 nisi
277 2889 364 2953 idem
379 2890 415 2952 in
429 2889 844 2976 amicitiamtranaferetur,
862 2914 957 2959 verus
972 2894 1095 2960 amicus
1107 2908 1182 2958 nunr

193 2998 290 3058 quam
312 2975 505 3059 reperietur3
532 2977 584 3037 est
606 2976 692 3040 eninr
715 2978 757 3063 is,
785 2980 841 3062 qui
860 2984 909 3045 est
927 2985 1097 3066 tamquam
1114 2979 1184 3046 alter

139 3078 171 3128 81
191 3063 285 3129 idem.
323 3062 445 3140 Quodsi
462 3061 524 3126 hoc
543 3067 679 3146 apparet
700 3065 735 3129 in
758 3067 881 3152 bestiis,
901 3069 1099 3155 volucribus,
1118 3086 1185 3134 nau·

191 3153 289 3238 tibus,
313 3150 508 3239 agrestibus,
531 3150 700 3237 cicuribus,
722 3152 814 3239 feris,
837 3157 980 3241 primurn
999 3162 1038 3223 ut
1056 3179 1091 3222 se
1108 3157 1187 3242 ipsa

192 3242 331 3328 diligant
353 3239 399 3325 (id
414 3238 499 3302 enim
517 3239 639 3324 pariter
653 3263 726 3306 cum
741 3242 830 3308 omni
848 3245 1013 3310 animante
1030 3245 1169 3311 nascitur

191 3330 304 3394 deinde
327 3332 364 3393 ut
387 3327 555 3410 requirant
582 3332 680 3413 atque
708 3331 877 3415 adpetant,
909 3333 950 3396 ad
978 3354 1118 3416 quassa

189 3418 312 3501 plicent
335 3415 478 3480 eiusdem
502 3418 629 3502 generis
653 3417 838 3502 animantis,
860 3419 957 3504 idque
979 3421 1106 3486 faciunt
1125 3437 1192 3486 cum

190 3505 347 3569 desiderio
372 3507 405 3568 et
428 3526 500 3568 cum
525 3506 663 3588 quadam
682 3505 893 3571 similitudine
913 3509 1033 3572 amoris
1055 3505 1193 3589 humani,

190 3595 312 3676 quanto
334 3591 369 3657 id
391 3592 497 3679 magis
520 3593 555 3658 in
577 3593 707 3660 homine
725 3595 764 3658 fit
785 3597 916 3660 natural
941 3597 997 3680 qui
1021 3601 1054 3661 ct
1074 3619 1109 3662 se
1126 3597 1195 3682 ipse
