2394 4126
374 269 451 327 cnr.
472 276 583 326 ro-ar.
621 276 768 337 §ro-ra
991 272 1051 338 187

65 432 246 507 teetioruudc‘.
290 431 399 496 Aliter
422 431 582 498 amicitiae
609 432 745 496 stabiles
775 454 964 517 permanere
987 456 1053 499 non

65 518 69 527 '
130 524 195 585 unt.
235 519 392 605 Dispares
425 520 511 584 enim
542 541 662 603 mores,
691 519 836 604 disparia
863 521 972 585 studia
1004 543 1053 586 se-

65 536 199 761 ?tur,
220 630 357 693 quorum
377 607 605 673 dissimilitudo
625 608 778 672 dissociat
797 608 972 692 amicitias,
993 630 1052 675 nec

65 770 67 777 ,
120 695 211 761 aliam
232 718 365 762 causam
386 697 489 760 ullam
511 695 589 760 boni
606 696 773 780 improbis,
795 696 938 781 improbi
958 697 1052 761 bonis

65 782 150 873 ¹§mici
169 805 235 849 esse
257 806 325 849 non
347 788 494 868 possunt,
516 783 581 848 nisi
600 783 685 867 quod
703 787 797 848 tanta
815 788 866 848 est
883 783 969 848 inter
987 805 1053 869 eos,

65 928 67 933 .
88 875 172 937 mute
192 872 334 937 maxima
356 875 466 956 potest
484 892 568 955 esse,
591 893 718 936 morum
744 872 988 956 studiorumque
1008 873 1053 938 di-

65 888 179 1117 hrtia.
220 959 322 1026 Recte
346 960 446 1024 etiam
468 958 611 1044 praecipi
637 962 746 1043 potest
772 960 808 1024 in
830 961 992 1045 amicitiis,
1011 983 1051 1026 ne
1071 976 1105 1027 '15

122 1051 262 1133 mperata
285 1047 445 1132 quaedam
466 1047 695 1131 benivolentia,
718 1048 804 1132 quod
825 1071 980 1133 persaepe
1004 1049 1053 1132 fit,

65 1118 202 1221 hpediat
223 1156 362 1222 magnas
385 1134 545 1200 utilitates
569 1135 755 1200 amicorum.
799 1134 869 1202 Nec
891 1137 990 1223 enim,
1015 1142 1052 1202 ut

65 1190 238 1376 mabulas
261 1223 404 1307 redeam,
432 1221 563 1288 Troiam
590 1221 825 1308 Neoptolemus
853 1246 967 1308 capere
994 1249 1051 1311 po·

65 1374 68 1389 ,
97 1308 103 1322 ’
133 1315 173 1396 et,
196 1311 223 1377 si
236 1311 460 1396 Lycomedem,
483 1311 568 1395 apud
586 1332 681 1394 quem
700 1316 771 1377 erat
790 1312 953 1397 educatus,
971 1314 1052 1378 mul·

65 1392 98 1460 liu
123 1422 192 1465 curn
218 1399 362 1465 lacrimis
392 1399 455 1463 iter
483 1420 576 1463 suum
603 1399 831 1484 impedientem
859 1401 970 1466 audire
996 1422 1052 1466 vo·

65 1472 170 1552 lu'uset.
199 1487 245 1553 Et
263 1509 360 1572 saepe
373 1486 520 1552 incidunt
538 1508 676 1571 magnae
693 1509 754 1571 ree,
772 1492 810 1551 ut
827 1488 1052 1551 discedendum

65 1570 98 1638 n
118 1575 157 1640 ab
180 1576 307 1661 amicis3
339 1597 419 1659 quas
448 1575 503 1658 qui
529 1574 685 1659 impedire
708 1576 793 1658 vult,
821 1575 907 1657 quod
930 1574 1053 1637 deside-

65 1654 132 1727 ?ium
156 1685 223 1729 non
249 1662 346 1728 facile
377 1662 475 1746 ferat,
507 1663 535 1726 is
564 1667 597 1726 et
623 1662 771 1726 infirmus
800 1665 849 1724 est
879 1661 1052 1744 mollisque

65 1752 165 1816 latura
190 1756 224 1815 et
249 1750 292 1817 ob
320 1772 392 1815 eam
418 1751 525 1835 ipsam
552 1771 683 1815 causam
710 1749 745 1814 in
773 1748 915 1814 amicitia
937 1771 1052 1834 parum

65 1843 161 1903 ustus.
205 1837 314 1922 Atque
335 1839 371 1902 in
393 1839 482 1903 omni
504 1861 539 1902 re
562 1837 829 1903 considerandum
848 1841 906 1921 est,
926 1838 1054 1921 etquid
1073 1853 1106 1904 76

65 1926 196 1992 ›ostules
216 1927 259 1990 ab
281 1926 383 1992 amieo
407 1930 440 1990 et
464 1927 541 2010 quid
563 1926 688 2009 patiare
712 1948 732 1990 a
754 1928 787 1988 tc
810 1925 988 2009 impetrari.

114 2012 180 2076 nst
200 2013 295 2078 etiam
307 2014 465 2099 quaedam
484 2014 653 2078 calamitas
667 2014 702 2076 in
720 2012 871 2077 amicitiis
891 2012 1053 2076 dimitten-
1063 2013 1102 2078 21

65 2101 102 2166 lis
124 2121 192 2164 non
212 2121 384 2186 numquam
406 2101 602 2185 necessaria,
624 2101 690 2166 iam
714 2101 799 2165 enim
819 2123 838 2166 a
857 2100 1052 2185 sapientium

65 2187 326 2254 amiliaritatibue
336 2190 377 2255 ad
386 2190 539 2275 vulgares
551 2189 711 2256 amicitias
726 2189 830 2256 oratio
844 2193 959 2256 nostra
968 2190 1053 2255 dela·

65 2278 144 2341 titur.
165 2274 350 2363 Erumpunt
358 2299 455 2362 saepe
464 2277 546 2342 vitia
560 2280 736 2346 amicorum
750 2283 820 2344 tum
830 2279 865 2343 in
876 2280 965 2365 ipsos
976 2279 1053 2345 ami-

66 2386 112 2448 os,
128 2367 199 2430 tum
216 2364 251 2430 in
269 2365 403 2451 alienos,
424 2387 561 2449 quornm
578 2371 690 2432 tamen
704 2368 744 2432 ad
758 2367 879 2432 amicos
896 2367 1053 2431 redundet

65 2452 188 2519 nfamia
215 2452 312 2517 Tales
325 2453 427 2538 igitur
441 2453 602 2518 amicitiae
613 2459 689 2517 sunt
702 2454 891 2517 remissione
900 2474 978 2515 usus
988 2452 1053 2515 elu-

65 2540 148 2607 ndae
165 2543 206 2623 et,
228 2544 267 2604 ut
290 2539 447 2607 Catonem
470 2540 575 2606 dicere
598 2540 715 2621 audiri,
738 2539 926 2603 dissuendae
947 2539 1053 2623 magis

65 2651 146 2713 quam
156 2628 390 2711 discindendae,
400 2629 464 2693 nisi
477 2628 636 2713 quaedam
650 2626 823 2692 admodum
836 2626 1053 2690 intolerabilis

65 2717 164 2782 muria
187 2717 358 2801 exarserit,
384 2720 421 2781 ut
439 2739 542 2802 neque
561 2720 685 2783 rectum
698 2736 801 2800 neque
821 2715 995 2780 honestum
1010 2715 1054 2780 sit

65 2825 105 2870 ree
125 2804 197 2869 fieri
219 2805 334 2890 possit,
356 2808 481 2870 utnon
504 2806 617 2870 statim
640 2805 793 2870 alienatio
817 2804 1052 2890 disiunctioque

65 2892 197 2957 aciunda
224 2893 276 2956 sit.
322 2890 379 2957 Sin
406 2897 515 2957 autem
543 2898 600 2959 aut
622 2917 754 2960 -morum
782 2897 839 2959 aut
870 2894 1053 2959 studiorum
1072 2907 1105 2957 ‘1⁷

65 2981 259 3047 ommutatio
283 2982 453 3064 quaedam,
475 2985 513 3045 ut
535 2982 606 3047 fieri
628 2984 720 3064 solet,
742 2983 830 3047 facta
853 2983 915 3046 erit
939 2987 995 3047 aut
1017 2983 1053 3045 in

65 3067 94 3132 ei
124 3068 274 3152 publicae
305 3070 454 3152 partibus
485 3070 641 3136 dissensio
673 3069 892 3134 intercesserit
923 3067 1053 3150 (loquor

65 3156 132 3220 nim
155 3156 231 3240 iam,
253 3161 290 3220 ut
313 3157 410 3240 paulo
434 3161 509 3222 ante
533 3159 607 3240 dixi,
625 3180 691 3220 non
714 3157 752 3218 de
771 3153 974 3235 sapientium,
997 3153 1054 3215 sed

65 3265 85 3308 e
108 3245 330 3309 communibus
355 3244 532 3330 amicitiis),
555 3243 732 3309 cavendum
754 3240 830 3320 erit,
852 3259 893 3302 ne
915 3259 982 3301 non
1004 3258 1054 3301 so-

65 3354 115 3397 um
132 3333 293 3397 amicitiae
309 3333 483 3418 depositae,
498 3334 555 3398 sed
568 3330 668 3394 etiam
680 3324 870 3390 inimicitiae
885 3328 1054 3409 susceptae

65 3419 226 3484 ideantur.
262 3419 354 3485 Nihil
378 3425 428 3485 est
451 3422 537 3485 enim
560 3416 688 3506 turpius
712 3436 810 3497 quam
832 3435 906 3479 cum
928 3434 966 3477 eo
985 3412 1055 3477 bel-

65 3530 117 3572 um
140 3527 260 3593 gerere,
284 3530 421 3592 quocum
443 3505 649 3573 familiariter
671 3502 800 3567 vixeris.
838 3501 890 3565 Ab
910 3500 1054 3567 amicitia

65 3601 81 3670 l.
95 3594 233 3680 Pompei
251 3618 322 3661 meo
340 3596 470 3660 nomine
492 3616 526 3657 se
544 3593 737 3661 removerat,
759 3594 801 3655 ut'
815 3589 913 3675 scitis,
931 3587 1054 3676 Scipi03
