2394 4126
178 205 758 289 61166111,111111616111.61-6.
913 225 975 289 199

290 399 600 467 PARADOXON
622 398 648 466 Ι.

81 529 114 568 τι
138 502 245 588 μόνον
268 502 306 571 τὸ
331 503 435 572 καλὸν
458 503 602 590 ἀγαθόν.

80 668 162 728 1661,
184 668 225 711 116
248 647 299 712 6111
321 652 465 711 vestrum
488 670 528 711 ex
546 646 786 713 Socraticorum
805 648 973 714 hominum
992 631 1011 753 ὲ

81 734 255 818 itionibus,
285 757 351 800 non
384 758 422 799 ex
449 757 521 800 meo
550 758 647 801 sensu
674 738 866 822 deprompta
893 738 973 803 haec

81 845 113 887 ar
136 823 251 906 oratio,
275 823 394 906 dicam,
418 824 504 907 quod
527 825 646 906 sentio,
669 829 788 909 tamen,
812 829 844 889 et
868 825 973 890 dicam

81 933 109 994 6,
134 933 232 994 quam
254 933 305 976 res
328 915 423 976 tanta
446 911 509 977 dici
530 917 649 998 potest.
693 912 880 997 Numquam
902 913 974 978 her-

82 1021 123 1084 go
149 1021 253 1082 neque
275 1001 428 1083 pecunias
452 1000 590 1065 istorum
611 1022 715 1084 neque
738 1005 825 1066 tecta
849 1003 972 1088 magni-

81 1110 160 1171 eque
193 1109 270 1171 opes
302 1110 407 1171 neque
438 1089 575 1172 imperia
611 1111 713 1173 neque
751 1111 819 1174 eas,
856 1092 972 1174 quibus

81 1198 114 1240 ne
141 1176 268 1240 astricti
296 1181 385 1260 sunt,
412 1178 598 1261 voluptates
621 1177 772 1242 inbonis
796 1179 892 1243 rebus
917 1183 973 1243 aut

81 1263 150 1328 ndis
175 1286 245 1328 6666
273 1264 361 1348 duxi,
389 1265 507 1349 quippe
535 1287 608 1329 cum
630 1265 772 1330 viderem
800 1267 897 1331 rebus
920 1267 973 1330 his

81 1352 215 1416 rfluentis
246 1373 284 1416 ea
314 1357 425 1416 tamen
457 1353 637 1418 desiderare
669 1355 823 1438 maxime,
855 1355 972 1439 quibus

81 1444 175 1504 arent.
211 1439 324 1523 Neque
348 1441 433 1504 enim
456 1463 611 1524 umquam
633 1443 782 1526 expletur
799 1464 858 1507 1166
877 1443 974 1506 satia·

81 1528 229 1612 piditatis
253 1529 338 1612 sitis,
361 1550 464 1613 neque
488 1530 594 1593 solum
618 1552 655 1594 ea
679 1531 734 1612 qui
756 1529 880 1593 habent
902 1529 974 1592 libi-

81 1617 206 1702 lugendi
233 1617 429 1700 cruciantur,
461 1617 517 1681 sed
550 1617 649 1680 etiam
677 1617 848 1681 amittendi
875 1620 973 1681 metu.

81 1727 91 1768 )
115 1705 263 1787 equidem
285 1705 638 1770 continentissimorum
664 1703 847 1788 hominum,
875 1703 1008 1768 maio-r

81 1797 262 1876 astrorum,
289 1815 384 1877 saepe
408 1793 536 1876 requiro
564 1792 781 1878 prudentiam,
811 1791 866 1876 qui
893 1792 973 1856 haec

81 1882 119 1944 la
146 1884 179 1944 et
206 1881 450 1946 commutabilia
483 1881 649 1965 [pecuniae
682 1882 840 1961 membra]
873 1881 973 1945 verbo

91 1972 284 2051 putaverunt
307 1970 516 2053 appellanda,
543 1991 616 2033 cum
638 1991 673 2032 re
697 1991 734 2033 ao
755 1968 852 2033 factis
875 1967 973 2053 longe

93 2056 326 2122 iudicavissent.
371 2057 526 2122 Potestne
553 2058 674 2122 bonum
704 2056 854 2141 cuiquam
887 2056 973 2120 malo

81 2146 125 2207 161
141 2147 248 2227 potest
267 2147 438 2230 quisquam
456 2145 491 2209 in
509 2145 708 2210 abundantia
725 2145 886 2211 bonorum
903 2144 974 2229 ipse

81 2253 125 2295 on
148 2233 272 2297 bonus?
310 2234 413 2317 Atqui
435 2234 501 2298 ista
524 2234 632 2300 omnia
655 2235 736 2299 talia
758 2234 913 2318 uidemus,
936 2236 974 2298 ut

80 2320 150 2384 robi
173 2321 316 2386 habeant
344 2327 377 2386 61
404 2323 512 2387 absint
538 2323 659 2407 probis.
705 2323 810 2398 Quam
837 2323 880 2388 ob
904 2336 1008 2386 rama
1034 2361 1037 2367 -

81 2409 216 2492 nrideat‚
244 2411 272 2474 si
296 2411 352 2492 qui
375 2411 460 2494 vult,
483 2412 557 2493 plus
581 2413 667 2494 apud
689 2434 740 2475 me
763 2416 874 2474 tamen
896 2431 974 2473 vera

81 2497 196 2561 ralebit
220 2518 317 2580 quam
339 2497 431 2584 vulgi
454 2497 577 2580 opinio3
603 2519 707 2580 neque
735 2518 795 2582 ego
818 2517 974 2577 umquam

81 2585 252 2668 perdidisse
272 2586 384 2668 dicam,
408 2586 437 2651 si
456 2585 527 2668 quis
547 2606 642 2668 pecus
663 2587 720 2648 aut
739 2582 974 2668 supellectilem

81 2675 124 2756 it,
162 2696 221 2739 nec
252 2696 319 2739 non
350 2695 446 2758 saepe
478 2673 617 2738 laudabo
655 2672 835 2757 sapientem
870 2671 974 2754 illum,

81 2784 130 2844 m,
152 2766 190 2825 ut
214 2762 342 2846 opinor,
371 2763 425 2846 qui
448 2765 637 2826 numeratur
658 2762 693 2826 in
716 2764 855 2848 septem3
884 2759 974 2825 cuius

92 2850 234 2933 patriam
261 2849 412 2915 Prienam
440 2851 578 2935 cepisset
604 2850 709 2916 hostis
738 2850 900 2934 ceterique
927 2848 976 2914 ita

81 2942 129 3020 nt,
160 2942 198 3001 ut
230 2939 334 3002 multa
366 2939 404 3002 de
432 2940 499 3003 suis
526 2941 621 3004 rebus
651 2943 870 3025 asportarent,
902 2959 975 3003 oum

81 3026 255 3090 admonitus
275 3050 294 3090 a
313 3027 462 3110 quodam,
482 3032 519 3091 ut
537 3028 623 3091 idem
640 3029 710 3112 ipse
727 3029 858 3111 faceret,
878 3025 974 3110 ‘Ego

112 3114 233 3197 inquit,
262 3113 392 3197 ‘facio3
422 3137 508 3180 nam
536 3116 662 3179 omnia
690 3135 833 3180 mecum
859 3117 974 3196 porto

121 3202 183 3266 1116
215 3203 295 3267 haec
325 3203 467 3267 ludibria
497 3204 648 3267 fortunae
680 3224 720 3264 ne
754 3223 812 3264 sua
844 3199 1009 3280 quideme

80 3294 107 3373 1,
137 3312 218 3372 quae
244 3313 305 3355 nos
329 3292 531 3376 appellamus
555 3287 654 3351 etiam
677 3288 771 3352 bona.
818 3284 902 3360 Quid
925 3289 975 3348 661

101 3382 234 3461 quaeret
258 3380 384 3463 aliquis,
407 3377 550 3443 bonum?
597 3373 640 3459 Si,
664 3376 749 3459 quod
772 3378 859 3440 recte
881 3374 920 3436 fit
943 3379 976 3437 et

81 3488 102 3530 ae
135 3470 168 3529 61
201 3489 274 3531 cum
304 3468 439 3550 virtute,
471 3466 504 3529 id
535 3465 617 3529 bene
648 3464 719 3527 fieri
746 3485 821 3529 rere
849 3461 975 3543 dicitur,

80 3559 194 3619 fectum
214 3558 246 3619 et
264 3555 437 3620 honestum
457 3557 490 3617 61
509 3575 581 3618 611111
599 3552 721 3618 virtute
739 3556 799 3637 661,
816 3550 850 3615 id
869 3549 976 3615 solum
