2394 4126
393 108 467 168 cAP.
487 116 565 166 4-c.
603 117 618 178 ς
639 116 749 167 12-17.
1009 115 1071 180 137

62 269 154 337 enim
177 271 260 336 vixit
277 269 416 358 Ennius)
433 273 482 336 ita
504 272 630 338 ferebat
653 272 725 356 duo,
748 294 831 357 quae
853 274 994 340 maxima
1015 301 1072 362 pu-

61 364 190 443 tantur,
208 381 313 444 onera,
329 363 557 445 paupertatem
577 364 609 425 et
629 364 837 445 senectutem,
855 365 893 424 ut
911 361 957 425 eis
973 385 1072 446 paene

63 447 224 513 delectari
246 447 417 512 videretur.

130 534 277 618 Etenim,
303 558 376 601 cum
405 537 590 619 conplector
617 536 738 622 animo,
767 541 921 621 quattuor
948 539 1074 622 reperio
1095 554 1128 604 15

16 634 44 678 δ
63 644 191 707 causas,
204 644 260 688 cur
274 627 422 688 senectus
437 624 556 689 misera
570 624 726 710 videatur,
739 647 846 711 unam,
862 626 947 710 quod
962 631 1076 692 avocet

63 735 85 778 a
114 711 210 775 rebus
238 711 401 796 gerendis,
429 713 580 795 alteram,
608 713 693 797 quod
721 735 836 797 corpus
863 715 963 780 faciat
980 714 1076 778 infir·

63 800 162 883 mina,
183 799 323 883 tertiam,
347 799 434 884 quod
451 800 559 883 privet
580 800 648 865 fere
672 801 820 866 omnibus
841 803 1075 888 voluptatibus,

65 889 231 972 quartam,
260 887 346 971 quod
371 886 460 951 haud
486 889 599 972 procul
628 888 714 953 absit
739 911 758 952 a
784 893 898 955 morte.
944 890 1076 977 Earum,

64 975 95 1040 si
127 975 248 1060 placet,
280 997 452 1040 causarum
484 979 606 1059 quanta
638 999 797 1060 quamque
828 978 871 1041 sit
896 979 985 1042 iusta
1011 1002 1077 1044 una

10 1068 51 1143 μ)
65 1084 227 1148 quaeque,
250 1063 425 1129 videamus.

10 1146 16 1209 .'
134 1151 166 1215 A
187 1152 284 1216 rebus
308 1151 456 1237 gerendis
480 1156 627 1218 senectus
652 1153 823 1218 abstrahit.
864 1152 1011 1229 Quibus?
1034 1154 1115 1219 and

64 1239 117 1323 iis,
141 1261 223 1323 quae
245 1241 415 1305 iuventute
437 1245 594 1326 geruntur
618 1245 651 1304 et
673 1240 821 1306 viribus?
844 1243 994 1306 nullaene
1017 1243 1076 1328 igi-

65 1331 187 1392 turres
202 1332 278 1392 sunt
293 1328 419 1411 seniles,
438 1350 520 1412 quac
534 1329 587 1393 vel
604 1328 742 1413 infirmis
759 1329 948 1412 corporibus
969 1330 1076 1395 animo

65 1419 178 1480 tamen
201 1415 491 1480 administrentur?
513 1415 597 1478 nihil
620 1436 698 1499 ergo
722 1416 841 1499 agebat
858 1414 894 1489 Q.
907 1416 1077 1499 Maximus,

12 1514 53 1561 1⁶
65 1503 151 1568 nihil
168 1501 205 1568 L.
218 1502 350 1586 Paulus,
369 1506 463 1584 pater
480 1505 567 1584 tuus,
586 1523 676 1565 socer
694 1501 811 1584 optimi
827 1502 899 1584 viri,
917 1501 978 1565 filii
992 1503 1077 1567 mei?

48 1590 167 1677 ‚ceteri
190 1612 293 1674 senes,
314 1589 465 1672 Fabricii,
489 1587 586 1671 Curii,
610 1586 813 1670 Coruncanii,
835 1610 908 1653 oum
930 1610 999 1656 rem
1021 1613 1078 1675 pu·

64 1678 189 1744 blicam
212 1678 349 1742 consilio
374 1681 407 1740 et
430 1675 624 1741 auctoritate
648 1674 878 1761 defendebant,
899 1677 981 1741 nihil
1005 1700 1078 1764 age·

64 1767 172 1832 bant?
210 1763 264 1827 Ad
286 1764 375 1847 Appi
396 1761 512 1828 Claudi
541 1765 739 1827 senectutem
770 1764 941 1829 adcedebat
970 1766 1130 1850 etiam,1o

58 1846 105 1919 'ut
131 1871 245 1917 caecus
269 1854 368 1934 essct3
395 1854 506 1915 tamen
526 1850 569 1934 is,
597 1872 671 1916 cum
694 1851 855 1916 sententia
878 1856 1010 1918 sendus
1031 1853 1078 1919 in-

10 1941 209 2008 molinaret
237 1938 278 2003 ad
304 1960 417 2023 paoem
445 1961 517 2003 oum
539 1937 665 2023 Pyrrho
688 1938 865 2024 foedusque
887 1939 1078 2027 faciendum,

64 2051 134 2094 non
158 2026 320 2091 dubitavit
343 2026 447 2092 dicere
464 2027 532 2111 illa,
556 2049 638 2111 quae
656 2027 803 2092 versibus
821 2033 1009 2113 persecutus
1028 2034 1079 2098 eet

65 2115 207 2182 Ennius:

112 2202 191 2278 Quo
211 2202 323 2268 vobis
340 2206 501 2286 mentes,
520 2208 649 2268 rectae
668 2226 764 2289 quae
779 2209 884 2270 stare
898 2208 1078 2273 solebant

112 2289 307 2373 Antehac,
330 2291 524 2355 dementes
548 2312 632 2379 sqse
653 2291 800 2356 flexere
822 2293 922 2357 viai?

28 2396 54 2437 ²⁵
68 2383 239 2462 ceteraque
263 2378 468 2463 gravissime3
494 2380 609 2442 notum
636 2378 722 2443 enim
744 2380 837 2444 vobis
861 2401 992 2446 carmen
1014 2385 1078 2464 est3

68 2473 101 2533 et
123 2471 236 2531 tamen
257 2466 360 2550 ipsius
383 2464 472 2550 Appi
499 2468 589 2528 extat
616 2466 730 2530 oratio.
775 2464 883 2551 Atque
912 2468 992 2534 haec
1019 2468 1077 2532 illo

68 2556 136 2642 egit
165 2553 305 2638 septimo
333 2553 456 2618 decimo
485 2574 569 2618 anno
596 2558 673 2638 post
700 2554 840 2619 alterum
863 2555 1078 2640 consulatum,
1161 2613 1163 2618 .

67 2666 140 2710 oum
172 2642 258 2706 inter
291 2642 370 2706 duos
398 2642 586 2707 aemulatus
614 2642 691 2707 anni
717 2642 827 2709 decem
854 2643 1077 2710 interfuissent

67 2751 245 2814 censorque
269 2733 344 2794 ante
363 2729 562 2814 superiorem
579 2730 784 2797 consulatum
802 2731 932 2817 fuisset3
955 2754 994 2798 ex
1013 2755 1076 2817 quo

29 2834 55 2875 ⁸0
66 2818 271 2904 intellegitur
284 2816 403 2902 Pyrrhi
417 2818 503 2883 bello
518 2819 673 2904 grandem
688 2841 765 2884 sane
782 2820 896 2904 luisse3
915 2824 949 2885 et
966 2825 1078 2885 tamen

66 2909 114 2973 sic
137 2929 157 2973 a
180 2906 329 2992 patribus
353 2907 544 2990 accepimus.
588 2906 681 2972 Nihil
703 2908 806 2993 igitur
827 2908 991 2992 adferunt,
1022 2908 1078 2992 qui
1097 2917 1128 2967 17

65 2997 101 3061 in
122 3016 159 3060 re
183 2995 327 3080 gerunda
354 2995 478 3060 versari
501 2998 701 3061 senectutem
727 2999 861 3082 negant,
890 2996 1076 3079 similesque

67 3087 152 3167 eunt,
174 3088 213 3147 ut
231 3083 260 3146 si
279 3084 333 3168 qui
355 3083 607 3169 gubernatorem
624 3083 661 3147 in
677 3083 860 3168 navigando
878 3084 962 3148 nihil
981 3100 1077 3166 agero

67 3171 186 3254 dicant,
205 3193 278 3236 oum
297 3172 477 3252 aliimalos
497 3171 662 3255 scandant,
681 3170 738 3234 alii
755 3193 813 3255 per
830 3171 920 3236 foros
939 3169 1077 3249 cursent,

27 3276 52 3316 ³⁵
67 3259 123 3326 alii
134 3259 297 3325 sentinam
312 3259 513 3343 exhauriant,
526 3259 583 3324 ille
594 3262 703 3324 autem
715 3258 843 3324 clavum
857 3263 971 3321 tenens
988 3252 1076 3336 quie-

65 3352 119 3414 tus
134 3348 247 3414 sedeat
260 3347 294 3410 in
307 3348 422 3433 puppi5
443 3368 511 3411 non
523 3346 625 3412 faciat
639 3369 684 3432 ea,
700 3369 781 3431 quae
795 3347 936 3424 iuvenes,
950 3343 1075 3408 atvero

66 3438 172 3503 multo
195 3435 321 3501 maiora
344 3440 377 3499 et
401 3435 537 3500 meliora
558 3435 666 3500 faciat.
700 3434 776 3498 Non
798 3430 922 3497 viribus
946 3431 1002 3492 aut
1024 3451 1076 3494 ve·
