2394 4126
149 251 212 314 142
386 248 478 303 CATO
498 247 616 302 MAIOR
634 247 683 300 DE
702 246 914 303 SENEO'I'U'I'E

146 411 278 477 memini
301 433 390 496 puer,
414 409 565 493 quicum
589 407 799 491 quadriennio
822 412 898 492 post
922 410 1063 475 alterum
1083 434 1147 476 con·
1184 439 1188 449 ·

148 500 290 564 sulatum
306 496 452 583 pontifex
471 495 630 559 maximus
648 494 753 559 factus
772 500 867 579 esset,
884 497 1003 582 viginti
1023 503 1057 562 et
1076 500 1147 563 duos

148 608 250 652 annos
279 586 307 650 ei
336 583 514 650 sacerdotio
543 581 696 667 praefuit,
728 583 775 647 ita
807 584 900 648 bonis
932 606 1003 649 esse
1030 587 1148 651 viribus

147 679 290 739 extremo
313 677 459 756 tempore
483 673 609 754 aetatis,
632 674 669 734 ut
692 670 943 736 adulescentiam
965 695 1035 738 non
1052 676 1148 760 requi·

146 765 241 827 reret.
295 759 388 824 Nihil
420 780 548 823 necesse
582 762 631 823 est
662 758 743 822 mihi
775 758 813 822 de
845 782 896 823 mc
930 760 1003 844 ipso
1043 762 1171 847 dicere,r

148 870 343 934 quamquam
377 851 427 911 est
458 847 491 910 id
524 846 652 930 quidem
684 846 784 910 senile
822 848 986 931 aetatique
1023 854 1150 917 nostrae

95 909 138 1035 {10
148 935 339 1001 conceditur.
385 933 567 1019 Videtisne,
596 938 634 999 ut
656 934 742 1019 apud
763 933 941 1000 Homerum
965 938 1151 1022 saepissima

148 1023 268 1088 Nestor
300 1023 338 1085 de
370 1023 546 1087 virtutibus
579 1023 645 1087 suis
677 1022 861 1105 praedicet?
913 1023 1060 1090 Tertiam
1091 1028 1150 1091 iam

147 1112 232 1176 enim
261 1114 401 1175 aetatem
428 1110 597 1176 hominum
624 1110 768 1194 videbat,
800 1132 859 1175 nec
891 1115 961 1176 erat
989 1112 1019 1176 ei
1047 1137 1151 1179 veren-

147 1200 236 1281 dum,
265 1219 306 1262 ne
333 1221 411 1264 vera
436 1198 625 1282 praedicans
655 1198 692 1261 de
720 1219 754 1262 se
780 1198 878 1263 nimis
904 1200 1071 1266 videretur
1101 1206 1173 1268 aut·

147 1288 290 1351 insolens
305 1291 362 1351 aut
375 1288 503 1371 loquax.
534 1285 675 1371 Etenim,
688 1290 726 1351 ut
744 1286 790 1350 ait
803 1285 975 1373 Homerus,
996 1287 1057 1353 ‘ex
1077 1292 1151 1355 eius

147 1376 283 1461 lingua
310 1375 426 1439 melle
454 1375 605 1439 dulcior
630 1374 783 1439 fluebat
811 1375 963 1460 oratio',
993 1378 1152 1460 quemad

149 1463 344 1528 suavitatem
366 1462 466 1527 nullis
490 1463 608 1548 egebat
630 1463 774 1547 corporis
796 1462 929 1528 viribus.
973 1463 1019 1530 Et
1047 1470 1152 1531 tamen

148 1552 211 1616 dux
239 1551 295 1617 ille
323 1550 477 1617 Graeciae
504 1572 664 1634 nusquam
692 1554 798 1635 optat,
829 1555 866 1615 ut
893 1549 1003 1616 Aiacis
1033 1554 1151 1619 similes

148 1640 268 1704 habeat
292 1640 409 1724 decem,
433 1639 489 1704 sed
511 1638 729 1722 utNestoris3
752 1638 884 1722 quodsi
908 1639 970 1703 sibi
994 1641 1176 1725 acciderit!

96 1745 130 1794 32
147 1750 214 1792 non
237 1728 374 1811 dubitat,
398 1728 475 1813 quin
498 1727 589 1791 brevi
612 1727 655 1791 sit
674 1726 771 1791 Troia
788 1727 942 1810 peritura.
979 1725 1043 1792 Sed
1062 1730 1151 1795 redeo

149 1816 190 1880 ad
212 1836 273 1879 me.
310 1814 467 1890 Quartum
491 1835 553 1900 ago
576 1836 696 1879 annum
715 1818 748 1879 et
767 1818 840 1880 octo
865 1816 1014 1900 esimum3
1038 1818 1152 1883 vellem

147 1904 548 2075 intulisset?
562 1902 824 2074 tumst
844 1904 1152 2078 altllullll

147 2080 209 2143 bus
233 2082 290 2143 aut
312 2079 405 2142 miles
429 2077 517 2142 bello
535 2076 656 2142 Punico
678 2081 734 2141 aut
757 2083 910 2161 quaestor
932 2080 1045 2145 eodem
1068 2083 1179 2147 bellos

150 2171 206 2230 aut
229 2164 341 2230 consul
364 2166 399 2227 in
421 2164 582 2247 Hispania
605 2164 721 2228 fuerim
750 2169 806 2229 aut
834 2167 1044 2250 quadriennio
1072 2175 1154 2256 post,

149 2274 221 2317 cum
249 2251 399 2315 tribunus
427 2251 579 2315 militaris
602 2251 785 2337 depugnavi
813 2255 898 2339 apud
920 2256 1153 2343 Thermopylas

148 2339 201 2405 Μ’.
216 2338 392 2405 Glabrione
416 2340 556 2424 consule,
579 2338 635 2404 sed
658 2344 777 2426 tamen,
798 2345 836 2405 ut
858 2364 916 2408 vos
939 2344 1069 2431 videtis,
1090 2368 1155 2412 non

148 2428 244 2514 plane
268 2450 319 2492 me
342 2429 523 2512 enervavit,
549 2449 616 2494 non
639 2428 763 2494 adflixit
786 2434 947 2515 senectus,
973 2454 1040 2497 non
1066 2436 1156 2499 curia

148 2518 233 2582 vires
253 2538 341 2581 meas
360 2517 530 2601 desiderat,
547 2539 613 2582 non
631 2522 748 2602 rostra,
765 2540 832 2583 non
850 2519 954 2603 amici,
975 2542 1043 2586 non
1061 2522 1155 2587 elien·
1167 2538 1187 2579 ὓ

147 2609 211 2690 tes,
239 2626 305 2670 non
326 2606 481 2690 hospites.
527 2604 595 2671 Nec
618 2606 703 2669 enim
727 2627 880 2688 umquam
904 2628 976 2671 sum
1000 2609 1156 2687 adsensus

147 2695 251 2757 veteri
268 2692 319 2757 illi
337 2693 533 2777 laudatoque
551 2692 733 2776 proverbio,
757 2693 843 2775 quod
862 2699 971 2759 monet
991 2695 1157 2763 ‘mature

147 2779 239 2861 fieri
262 2800 403 2861 senem,
433 2781 465 2843 si
488 2780 551 2842 diu
574 2779 672 2843 velis
696 2800 810 2843 senex
833 2782 936 2847 esse?
981 2783 1055 2869 Ego
1078 2808 1157 2852 vero

148 2888 200 2929 me
227 2865 333 2929 minus
361 2865 415 2929 diu
439 2888 547 2930 senem
570 2886 640 2930 esse
663 2867 795 2932 mallem
823 2891 921 2952 quam
944 2893 1014 2937 esse
1037 2894 1157 2959 senem,

148 2956 225 3017 ante
247 2974 345 3037 quam
368 2974 480 3017 essem.
524 2952 639 3037 Itaque
661 2976 756 3019 nemo
779 2956 883 3023 adhuc
910 2961 1081 3026 convenire
1104 2986 1157 3027 me
1170 2981 1192 3021 a

95 3057 129 3107 ss
148 3040 263 3123 voluit,
286 3040 338 3105 cui
358 3040 475 3115 luerim
498 3045 682 3125 occupatus.
718 3042 765 3108 At
788 3045 894 3112 minu's
912 3048 1018 3114 habeo
1036 3049 1157 3116 virium

148 3150 245 3213 quam
268 3131 413 3194 vestrum
435 3128 567 3194 utervis.
606 3126 657 3195 Ne
679 3152 738 3196 vos
759 3132 888 3215 quidem
907 3135 943 3209 -Τ,
963 3135 1062 3201 Ponti
1084 3158 1158 3203 cen-

148 3215 287 3283 turionis
309 3214 395 3281 vires
417 3216 562 3301 habetis3
586 3236 665 3281 num
691 3217 809 3285 idcirco
838 3227 888 3287 est
909 3223 967 3288 ille
989 3229 1158 3308 praestan·

82 3380 86 3387 Ι
147 3304 235 3375 tior?
261 3302 443 3371 Moderatio
465 3304 561 3369 modo
579 3303 698 3371 virium
720 3308 816 3393 adsit,
839 3315 872 3375 et
894 3314 1033 3397 tantum,
1057 3335 1159 3398 quan·

147 3397 219 3459 tum
232 3395 342 3481 potest
356 3392 501 3479 quisque,
513 3390 652 3479 nitatur3
663 3416 705 3461 ne
718 3394 773 3461 ille
787 3418 853 3462 non
865 3421 986 3485 magno
996 3399 1157 3469 desiderio
1171 3420 1195 3461 ³⁵

147 3482 313 3549 tenebitur
325 3478 453 3547 virium.
485 3478 656 3565 Olympiae
668 3504 727 3569 per
740 3486 881 3553 stadium
898 3488 1067 3575 ingressus
1086 3512 1159 3557 esse

147 3566 229 3637 Milo
252 3569 383 3659 dicitur,
405 3590 479 3639 cum
500 3566 644 3637 humeris
667 3572 842 3641 sustineret
863 3576 988 3643 bovem.
1034 3574 1157 3645 Utrum
