2394 4126
392 65 465 166 ces.
486 119 563 168 1-1.
601 115 750 176 sat-eo.
1009 112 1071 173 141

64 274 155 342 enim
178 278 249 338 erat
272 274 359 338 locus
382 273 466 338 alter
489 273 528 337 de
551 273 640 338 vitiis
669 268 872 356 senectutis),
898 292 964 335 non
989 273 1072 355 plus,

64 385 165 448 quam
175 362 361 427 adulescens
374 361 462 425 tauri
476 364 533 426 aut
547 359 713 444 elephanti
727 357 958 424 desiderabam.
982 356 1073 432 Quod

64 455 125 535 est,
149 471 187 515 eo
213 450 308 525 decet
322 449 371 514 uti
394 453 436 531 et,
459 448 611 532 quicquid
634 469 722 534 agas,
745 468 841 531 agere
862 467 923 531 pro
941 445 1074 511 viribus.

64 538 156 614 Quae
180 537 264 602 enim
285 559 349 602 vox
370 540 481 621 potest
504 557 574 601 esse
596 536 811 620 contemptior
830 557 928 619 quam
941 532 1074 599 Milonis

33 625 297 695 sGrotoniatae?
321 624 376 709 qui
399 647 472 689 cum
494 625 561 690 iarn
584 646 680 689 senex
703 627 789 689 esset
812 623 1018 707 athletasque
1040 643 1074 686 11

64 717 250 781 exercentes
273 714 308 777 in
325 713 483 778 curriculo
501 712 635 796 videret,
658 712 820 796 aspexisse
838 714 979 778 lacertos
999 732 1074 777 suos

64 802 185 869 dieitur
197 802 470 884 inlacrimansque
484 801 615 865 dixisse:
634 798 700 864 ‘At
713 800 752 865 hi
767 801 917 885 quidem
931 800 1075 866 mortui
1140 866 1142 873 ,

63 890 142 956 iam
159 889 268 956 sunt?
300 888 376 955 Non
394 910 471 954 vero
489 893 558 954 tam
576 889 634 954 isti
652 911 749 973 quam
767 893 804 956 tu
821 889 900 974 ipse,
918 891 1072 976 nugator!
1109 896 1121 936 '-

63 1000 169 1062 neque
188 978 274 1044 enim
292 999 330 1042 ex
349 982 382 1042 te
404 1000 558 1062 umquam
582 999 615 1042 es
638 977 839 1062 nobilitatus,
862 978 919 1044 sed
937 1000 976 1044 ex
994 980 1073 1042 late-

13 1087 51 1133 ,11
63 1067 157 1132 ribus
184 1069 217 1133 et
245 1066 374 1132 lacertis
402 1066 477 1132 tuis.
521 1065 615 1132 Nihil
642 1063 713 1131 Sex.
740 1065 853 1132 Aelius
881 1067 962 1150 tale,
990 1066 1073 1131 nihil

64 1154 179 1220 multis
198 1155 292 1219 annis
310 1158 385 1219 ante
404 1153 451 1219 'li
466 1153 695 1238 Coruncanius
715 1154 798 1219 nihil
816 1155 912 1219 modo
930 1153 966 1219 P.
981 1153 1074 1221 0111·

66 1265 135 1327 sus,
161 1265 182 1308 a
205 1243 321 1327 quibus
343 1243 416 1308 iura
438 1243 562 1309 civibus
589 1242 906 1327 praescribebantur,
937 1264 1074 1326 querum

64 1352 167 1414 neque
191 1331 233 1397 ad
255 1334 435 1396 extremum
457 1332 608 1416 spiritum
636 1334 686 1394 est
712 1334 866 1414 provecta
893 1330 1074 1413 prudentia.

64 1418 186 1484 Orator
200 1421 309 1483 metuo
322 1440 363 1482 ne
381 1419 573 1502 languescat
590 1421 768 1499 senectutc3
787 1421 836 1481 est
855 1416 940 1480 enim
958 1437 1074 1481 munus
1093 1429 1126 1478 28

25 1524 53 1567 11
66 1506 135 1573 eius
157 1528 226 1571 non
247 1505 371 1591 ingenii
394 1505 510 1587 solum,
532 1503 589 1567 sed
611 1503 750 1566 laterum
774 1503 874 1566 etiam
897 1506 930 1566 et
947 1502 1074 1568 virium.

64 1588 206 1660 Oinnino
230 1614 385 1657 canorum
407 1590 489 1655 illud
511 1591 545 1654 in
569 1610 648 1654 1111
675 1588 871 1673 splendescit
897 1588 996 1655 etiarn
1022 1612 1075 1655 ne

64 1683 133 1748 scio
167 1702 231 1763 quo
266 1683 362 1763 paeto
394 1678 430 1741 in
452 1680 641 1760 senectute,
677 1676 763 1761 quod
796 1677 944 1760 equidem
971 1678 1075 1744 adhuc

62 1792 132 1837 111
156 1766 266 1846 amisi,
298 1769 331 1829 et
357 1764 474 1830 videtis
501 1786 618 1848 ann0s3
645 1763 701 1829 sed
728 1768 839 1830 temen
868 1769 919 1830 est
941 1765 1074 1833 decorus

64 1856 156 1921 senis
179 1873 286 1917 sermo
304 1851 432 1936 quietus
450 1856 485 1918 et
505 1852 673 1936 remissus,
695 1851 843 1938 facitque
865 1875 923 1938 per
946 1875 980 1919 se
1002 1855 1075 1939 ipsa

24 1966 52 2007 ao
65 1942 133 2010 sibi
156 1939 354 2006 audientiam
381 1940 494 2006 diserti
517 1940 603 2006 senis
631 1945 762 2027 compte
791 1945 824 2005 et
846 1941 936 2007 mitis
960 1944 1073 2009 oratio.
1111 1948 1122 2006 ἶ

65 2031 173 2108 Quam
196 2028 224 2092 si
245 2029 316 2112 ipse
339 2030 452 2112 exequi
478 2051 634 2114 nequeas,
660 2028 767 2115 possis
795 2035 906 2096 tamen
932 2028 1075 2116 Scipioni

65 2117 252 2205 praecipere
274 2120 308 2181 et
329 2116 450 2183 Laelio.
491 2116 575 2193 Quid
598 2117 683 2183 enim
706 2122 757 2184 est
778 2119 946 2185 iucundius
970 2142 1074 2187 senee-

65 2211 137 2273 tute
165 2205 288 2289 stipata
318 2205 434 2269 studiis
465 2205 666 2272 iuventutis?
699 2205 752 2272 An
777 2228 818 2271 11
845 2207 920 2274 illas
944 2209 1073 2293 quidem
1094 2223 1125 2270 ae

65 2295 152 2361 vires
181 2294 339 2358 senectuti
366 2293 598 2377 relinquemus,
629 2298 666 2358 ut
698 2294 918 2362 adulescentes
952 2297 1074 2380 doceat,

29 2403 54 2444 11
66 2383 229 2463 instituat,
252 2380 293 2445 ad
312 2402 406 2445 omne
425 2381 530 2459 officii,
541 2401 658 2461 munus
676 2381 839 2449 instruat?
863 2405 926 2467 quo
945 2385 1075 2469 quidem

67 2492 165 2557 qpere
189 2468 266 2553 quid
288 2472 399 2552 potest
421 2490 490 2534 esse
513 2466 732 2555 praeclarius?
768 2470 850 2536 Mihi
869 2493 946 2536 1111
966 2469 1074 2535 etCn.

66 2562 100 2624 et
118 2557 155 2623 P.
169 2554 335 2641 Scipiones
354 2561 387 2622 et
409 2557 462 2621 avi
484 2556 534 2622 tui
557 2556 629 2641 duo,
650 2556 686 2621 L.
702 2555 861 2624 Aemilius
880 2563 921 2624 et.
940 2558 974 2623 P.
990 2558 1074 2624 Afri-

67 2668 181 2729 canus,
209 2644 366 2709 comitatu
387 2644 548 2710 nobilium
569 2643 722 2712 iuvenum
743 2645 902 2713 fortunati
924 2647 1074 2714 videban-

67 2739 135 2818 tur,
155 2734 218 2799 'nee
239 2732 300 2797 ulli
322 2732 482 2799 bonarum
505 2732 626 2799 artium
647 2734 797 2821 magistri
819 2758 885 2801 non
907 2737 996 2803 beati
1018 2759 1074 2821 pu-

29 2841 56 2882 ae
67 2821 170 2905 tandi,
183 2820 332 2905 quamvis
346 2820 572 2889 consenuerint
584 2822 669 2889 vires
684 2827 780 2908 atque
795 2823 977 2891 defecerint.
1000 2823 1075 2890 Etsi

66 2911 141 2995 ipsa
166 2909 231 2974 ista
259 2907 396 2975 defectio
419 2908 536 2975 virium
565 2910 801 2998 adulescentiae
823 2911 913 2977 vitiis
936 2912 1098 2978 efficitur·

67 2997 198 3083 saepius
230 3019 329 3081 quam
360 2998 548 3081 senectutis;
579 2999 753 3065 libidinosa
784 3000 870 3065 enim
902 3003 936 3065 et
961 2999 1075 3065 intem-

108 3106 186 3151 rans
219 3084 436 3150 adulescentia
468 3086 598 3152 effetum
630 3109 746 3172 corpus
777 3087 879 3153 tradit
908 3085 1074 3235 senecputi.

67 3107 173 3258 dirus
196 3172 325 3256 quidem
348 3172 434 3259 apud
455 3171 703 3258 Xenophontem
725 3196 764 3240 eo
788 3195 949 3256 sermone,
978 3193 1000 3255 q
1023 3192 1074 3235 em
1093 3185 1127 3259 eo

27 3279 54 3321 ⁸⁵
67 3262 211 3329 moriens
233 3260 362 3345 hebuit,
385 3282 459 3327 cum
481 3261 654 3328 admodum
676 3284 773 3329 senex
795 3264 894 3342 esset,
915 3261 1017 3343 negat
1039 3279 1075 3322 se

66 3371 223 3434 umquam
246 3349 384 3415 sensisse
408 3353 605 3415 senectutem
628 3372 721 3417 suam
743 3345 988 3414 imbecilliorem
1010 3343 1075 3413 lee-

66 3442 151 3522 tam,
183 3458 280 3522 quam
311 3437 531 3504 adulescentia
560 3437 686 3503 fuisset.
734 3437 807 3520 Ego
839 3433 876 3498 L.
905 3429 1075 3500 Metellum
