2394 4126
137 247 200 312 174
433 245 585 301 ananus
604 245 653 299 oa
671 244 835 324 auroram

136 408 349 494 cogitationes
373 407 559 472 abiecerunt
580 408 616 471 in
638 429 706 472 rem
729 411 798 471 tam
825 405 980 472 humilem
1021 428 1075 460 zar

136 499 363 580 contemptam.
409 494 512 569 Quam
536 494 577 559 ob
600 516 669 559 rem
692 495 753 560 hos
776 493 906 578 quidem
929 493 968 559 ab
988 493 1040 558 hoe

136 607 231 651 mone
262 603 497 664 removeamus,
529 581 592 666 ipsi
625 586 733 647 autem
764 581 990 669 intellegamus
1025 610 1043 637 ιτ

137 672 228 760 gigni
247 693 376 736 sensum
395 669 550 754 diligendi
564 673 596 735 et
614 669 852 736 benivolentiae
866 671 1029 736 caritatem
1048 694 1075 720 ι

137 759 372 846 significatione
394 757 578 841 probitatis.
624 756 727 833 Quam
749 757 805 842 qui
828 757 1071 844 adpetiverunt

135 849 259 934 plicent
281 866 316 910 se
339 848 372 909 et
394 845 527 930 propius
551 846 733 931 admovent,
754 848 793 911 ut
815 849 849 911 et
865 867 927 911 usu
946 846 1019 925 eius,
1037 864 1075 928 qe

137 935 270 1020 diligere
292 937 475 1018 coeperunt,
496 933 647 999 fruantur
670 937 703 1000 et
725 932 870 1000 moribus
894 934 1020 1018 sintque
1045 963 1061 988 ‚.
1086 991 1088 994 .

135 1023 171 1088 in
193 1042 302 1086 amore
326 1025 359 1085 et
382 1022 532 1105 aequales
554 1021 844 1106 propensioresque
862 1023 903 1087 ad
920 1023 1000 1087 bene
1016 1043 1060 1087 ma
1074 1022 1087 1071 f

137 1109 213 1174 dum
236 1131 332 1193 quam
357 1109 397 1174 ad
418 1111 666 1194 reposcendum,
689 1113 786 1195 atque
808 1110 889 1175 haec
911 1111 996 1175 inter
1016 1128 1060 1175 eos

135 1198 274 1262 honesta
292 1197 436 1263 certatio.
469 1195 521 1263 Sic
539 1200 572 1262 et
590 1198 751 1264 utilitates
770 1219 809 1263 ex
822 1197 967 1264 amicitia
981 1221 1024 1264 m:
1040 1226 1078 1255 ιι

135 1285 318 1369 capientur,
341 1285 458 1351 eterit
482 1283 549 1351 eius
573 1289 664 1352 crtus
687 1309 707 1350 a
727 1289 846 1352 natura
869 1308 967 1370 quam
989 1286 1029 1352 ab
1048 1284 1096 1339 c*

136 1372 273 1439 oillitate
296 1373 427 1460 gravior
450 1377 483 1438 et
505 1373 619 1439 verior.
664 1373 750 1439 Nam
773 1374 802 1438 si
828 1373 957 1440 utilitas
979 1371 1091 1447 ami⁴¹¹>

136 1461 384 1548 conglutinaret,
407 1460 519 1526 eadem
541 1465 741 1528 commutata
763 1461 970 1547 dissolveret3
992 1462 1043 1528 sed
1056 1479 1080 1543 q*

134 1553 253 1616 natura
270 1550 391 1616 mutari
408 1570 474 1614 non
492 1552 611 1635 potest,
630 1549 749 1617 idcireo
767 1571 862 1616 verae
881 1551 1040 1617 amicitiae
1057 1578 1080 1603 ει
1100 1557 1101 1560 ’

134 1639 281 1724 piternae
304 1640 388 1704 sunt.
434 1637 550 1702 Ortum
573 1638 702 1722 quidem
729 1637 892 1704 amicitiae
919 1638 1046 1723 videtis,
1073 1666 1083 1689 1
1134 1630 1136 1641 ⁴

136 1727 213 1810 quid
237 1727 379 1792 adhaec
401 1725 486 1791 forte
509 1727 619 1791 vultis.

200 1814 347 1880 Firmus.
387 1813 437 1877 Tu
455 1834 532 1878 vero
549 1835 658 1900 perge,
680 1813 785 1897 Laeli3
806 1835 866 1898 pro
885 1813 948 1881 hoc
974 1830 1101 1899 emmel

135 1901 241 1966 minor
264 1906 313 1968 est
336 1904 428 1984 natu,
452 1922 524 1967 meo
547 1901 616 1966 iure
638 1901 825 1986 respondeo.

82 2009 115 2057 33
201 1988 367 2057 sorren.
403 1989 501 2054 Recte
524 1993 561 2054 tu
587 1989 724 2073 quidem.
755 1988 859 2065 Quam
882 1991 924 2056 ob
948 2012 1018 2056 rem
1033 1984 1110 2055 aulis

136 2099 217 2142 mus.

84 2169 125 2232 10
200 2164 343 2229 Larisos.
374 2162 494 2227 Audite
512 2185 598 2247 vero,
616 2163 741 2248 optumi
759 2163 830 2246 viri,
853 2187 900 2250 ea,
923 2188 1006 2250 quae
1022 2158 1111 2247 saepis

135 2253 216 2316 sime
237 2251 322 2314 inter
340 2272 391 2313 me
409 2254 442 2313 et
461 2247 643 2334 Scipionem
667 2250 705 2315 de
724 2251 868 2317 amicitia
891 2252 1111 2319 disserebantur

135 2339 338 2422 Quamquam
365 2337 422 2401 ille
450 2337 579 2422 quidem
601 2337 684 2403 nihil
716 2337 879 2405 difficilius
908 2363 979 2407 esse
1005 2334 1113 2417 dala

135 2450 232 2512 quam
255 2425 431 2491 amicitiam
454 2447 555 2510 usque
579 2427 620 2492 ad
642 2431 821 2493 extremum
843 2428 932 2494 vitae
960 2429 1117 2579 diempot

135 2537 273 2582 manere.
317 2514 417 2600 Nam,
446 2515 499 2581 vel
525 2518 563 2580 ut
588 2538 655 2582 non
680 2515 765 2581 idem
793 2516 971 2602 expediret,
1002 2515 1061 2583 inci
1083 2535 1118 2567 2¹²

136 2627 240 2689 saepe,
261 2605 314 2670 vel
337 2607 378 2683 ut,
398 2605 436 2668 de
458 2627 493 2669 re
515 2604 647 2688 publica
668 2625 734 2670 non
755 2603 842 2668 idem
863 2605 1050 2689 sentiretur3
1067 2616 1116 2679 nt

134 2693 200 2756 tari
227 2693 326 2757 etiam
353 2714 459 2757 mores
487 2690 654 2756 hominum
682 2710 778 2776 saepe
806 2691 947 2777 dicebat,
980 2694 1058 2759 alias
1078 2680 1121 2753 ad·-

134 2779 237 2843 versis
256 2780 362 2862 rebus,
385 2780 466 2843 alias
486 2781 592 2842 aetate
614 2778 867 2862 ingravescente.
903 2781 1120 2866 aequaeuo

135 2887 243 2929 rerum
257 2865 439 2949 exemplum
454 2887 492 2931 ex
506 2864 717 2930 similitudine
736 2867 885 2952 capiebat
899 2867 1040 2934 ineuntis
1053 2864 1127 2933 aa

135 2953 188 3035 tis,
208 2953 294 3035 quod
312 2951 430 3017 summi
447 2972 620 3035 puerorum
635 2974 761 3021 amores
775 2977 872 3041 saepe
885 2978 951 3022 una
964 2979 1068 3042 cump
1087 2982 1106 3004 τ’

7 3064 10 3069 ’
82 3057 116 3106 34
135 3043 226 3104 texta
253 3043 332 3126 toga
358 3042 568 3124 ponerentur;
600 3040 650 3105 sin
682 3046 790 3108 autem
820 3043 862 3108 ad
888 3040 1136 3133 adulescentior,

135 3127 372 3214 perduxissent,
401 3126 508 3190 dirimi
535 3129 645 3194 tamen
670 3129 832 3196 interdum
860 3134 1065 3200 contentione
1081 3114 1122 3193 ael

135 3216 266 3281 uxoriae
288 3214 484 3281 condicionis
507 3215 557 3279 vel
583 3219 742 3283 commodi
771 3219 919 3304 alicuius,
947 3221 1034 3306 quod
1053 3216 1124 3284 ichss

136 3303 270 3389 adipisci
296 3306 432 3386 uterque
458 3324 524 3368 non
551 3309 671 3389 posset
716 3306 838 3383 Quodsi
866 3308 921 3392 qui
949 3298 1125 3397 Ιοιιςίιιιί11

136 3391 278 3458 amicitia
296 3389 442 3476 provecti
458 3395 577 3487 essent,
599 3397 710 3459 tamen
728 3417 823 3480 saepe
841 3396 1043 3482 labefactari,
1059 3385 1136 3461 siin*

135 3480 268 3546 honoris
287 3478 525 3545 contentionem
543 3480 744 3569 incidissent,
766 3487 891 3568 pestem
913 3485 999 3551 enim
1016 3482 1127 3551 nullan

136 3570 292 3634 maiorem
320 3589 390 3634 esse
418 3568 568 3635 amicitiis
597 3593 694 3658 quam
725 3573 760 3637 in
790 3571 955 3657 plerisque
986 3566 1128 3660 paconi&
