<?xml version="1.0" encoding="UTF-8"?>
<!DOCTYPE html PUBLIC "-//W3C//DTD XHTML 1.0 Transitional//EN"
    "http://www.w3.org/TR/xhtml1/DTD/xhtml1-transitional.dtd">
<html xmlns="http://www.w3.org/1999/xhtml" xml:lang="en" lang="en">
 <head>
  <title>
</title>
<meta http-equiv="Content-Type" content="text/html;charset=utf-8" />
  <meta name='ocr-system' content='tesseract 3.04.00' />
  <meta name='ocr-capabilities' content='ocr_page ocr_carea ocr_par ocr_line ocrx_word'/>
</head>
<body>
  <div class='ocr_page' id='page_1' title='image "./mtulliiciceroni43cicegoog/mtulliiciceroni43cicegoog_0017.png"; bbox 0 0 2394 4126; ppageno 0'>
   <div class='ocr_carea' id='block_1_1' title="bbox 153 262 919 334">
    <p class='ocr_par' dir='ltr' id='par_1_1' title="bbox 153 262 919 334">
     <span class='ocr_line' id='line_1_1' title="bbox 153 262 919 334; baseline -0.023 1"><span class='ocrx_word' id='word_1_1' title='bbox 153 270 217 334; x_wconf 88' lang='grc'><strong>140</strong></span> <span class='ocrx_word' id='word_1_2' title='bbox 391 266 484 321; x_wconf 87' lang='lat' dir='ltr'>CATO</span> <span class='ocrx_word' id='word_1_3' title='bbox 503 265 622 321; x_wconf 82' lang='lat' dir='ltr'><strong>MAIOR</strong></span> <span class='ocrx_word' id='word_1_4' title='bbox 639 264 688 320; x_wconf 86' lang='lat' dir='ltr'><strong>DE</strong></span> <span class='ocrx_word' id='word_1_5' title='bbox 708 262 919 319; x_wconf 68' lang='lat' dir='ltr'><strong>sannorum</strong></span> 
     </span>
    </p>
   </div>
   <div class='ocr_carea' id='block_1_2' title="bbox 22 408 1197 3682">
    <p class='ocr_par' dir='ltr' id='par_1_2' title="bbox 22 408 1197 3682">
     <span class='ocr_line' id='line_1_2' title="bbox 22 408 1153 511; baseline -0.004 -16"><span class='ocrx_word' id='word_1_6' title='bbox 22 424 50 456; x_wconf 76' lang='lat'>⁸</span> <span class='ocrx_word' id='word_1_7' title='bbox 151 431 197 496; x_wconf 82' lang='lat' dir='ltr'><strong>sis</strong></span> <span class='ocrx_word' id='word_1_8' title='bbox 212 408 404 510; x_wconf 73' lang='lat' dir='ltr'><strong>elaborant,</strong></span> <span class='ocrx_word' id='word_1_9' title='bbox 434 449 516 511; x_wconf 90' lang='lat' dir='ltr'><strong>quae</strong></span> <span class='ocrx_word' id='word_1_10' title='bbox 544 420 649 491; x_wconf 89' lang='lat' dir='ltr'><strong>sciunt</strong></span> <span class='ocrx_word' id='word_1_11' title='bbox 676 426 760 490; x_wconf 89' lang='lat' dir='ltr'>nihil</span> <span class='ocrx_word' id='word_1_12' title='bbox 788 426 828 489; x_wconf 88' lang='lat' dir='ltr'><strong>ad</strong></span> <span class='ocrx_word' id='word_1_13' title='bbox 852 447 886 489; x_wconf 89' lang='lat' dir='ltr'><strong>se</strong></span> <span class='ocrx_word' id='word_1_14' title='bbox 910 425 1041 490; x_wconf 85' lang='lat' dir='ltr'><strong>omnino</strong></span> <span class='ocrx_word' id='word_1_15' title='bbox 1063 426 1153 511; x_wconf 85' lang='lat' dir='ltr'><strong>perti·</strong></span> 
     </span>
     <span class='ocr_line' id='line_1_3' title="bbox 150 513 1154 599; baseline -0.003 -17"><span class='ocrx_word' id='word_1_16' title='bbox 150 540 239 582; x_wconf 89' lang='lat' dir='ltr'><strong>nere:</strong></span> <span class='ocrx_word' id='word_1_17' title='bbox 268 515 388 581; x_wconf 74' lang='lat' dir='ltr'><strong>‘Serit</strong></span> <span class='ocrx_word' id='word_1_18' title='bbox 415 517 587 597; x_wconf 89' lang='lat' dir='ltr'><strong>arbores,</strong></span> <span class='ocrx_word' id='word_1_19' title='bbox 619 536 715 597; x_wconf 90' lang='lat' dir='ltr'><strong>quae</strong></span> <span class='ocrx_word' id='word_1_20' title='bbox 743 513 861 578; x_wconf 89' lang='lat' dir='ltr'><strong>alteri</strong></span> <span class='ocrx_word' id='word_1_21' title='bbox 894 515 1049 578; x_wconf 86' lang='lat' dir='ltr'><strong>saeculo</strong></span> <span class='ocrx_word' id='word_1_22' title='bbox 1076 536 1154 599; x_wconf 91' lang='lat' dir='ltr'><strong>pro·</strong></span> 
     </span>
     <span class='ocr_line' id='line_1_4' title="bbox 100 599 1197 688; baseline -0.004 -18"><span class='ocrx_word' id='word_1_23' title='bbox 100 622 132 670; x_wconf 78' lang='lat'><strong>25</strong></span> <span class='ocrx_word' id='word_1_24' title='bbox 152 605 255 688; x_wconf 89' lang='lat' dir='ltr'><strong>sint&#39;,</strong></span> <span class='ocrx_word' id='word_1_25' title='bbox 277 609 316 670; x_wconf 84' lang='lat' dir='ltr'><strong>ut</strong></span> <span class='ocrx_word' id='word_1_26' title='bbox 339 604 386 668; x_wconf 90' lang='lat' dir='ltr'><strong>ait</strong></span> <span class='ocrx_word' id='word_1_27' title='bbox 409 599 533 667; x_wconf 86' lang='lat' dir='ltr'><strong>Statius</strong></span> <span class='ocrx_word' id='word_1_28' title='bbox 556 605 668 665; x_wconf 89' lang='lat' dir='ltr'><strong>noster</strong></span> <span class='ocrx_word' id='word_1_29' title='bbox 690 602 725 665; x_wconf 90' lang='lat' dir='ltr'><strong>in</strong></span> <span class='ocrx_word' id='word_1_30' title='bbox 742 599 954 686; x_wconf 82' lang='lat' dir='ltr'><strong>Synephebis.</strong></span> <span class='ocrx_word' id='word_1_31' title='bbox 992 599 1062 666; x_wconf 89' lang='lat' dir='ltr'><strong>Nec</strong></span> <span class='ocrx_word' id='word_1_32' title='bbox 1084 623 1154 667; x_wconf 85' lang='lat' dir='ltr'><strong>vero</strong></span> <span class='ocrx_word' id='word_1_33' title='bbox 1196 608 1197 648; x_wconf 75' lang='lat' dir='ltr'><strong>l</strong></span> 
     </span>
     <span class='ocr_line' id='line_1_5' title="bbox 152 689 1156 776; baseline -0.003 -18"><span class='ocrx_word' id='word_1_34' title='bbox 152 694 280 758; x_wconf 87' lang='lat' dir='ltr'><strong>dubitat</strong></span> <span class='ocrx_word' id='word_1_35' title='bbox 309 691 466 776; x_wconf 83' lang='lat' dir='ltr'><strong>agricola,</strong></span> <span class='ocrx_word' id='word_1_36' title='bbox 499 690 646 772; x_wconf 89' lang='lat' dir='ltr'><strong>quamvis</strong></span> <span class='ocrx_word' id='word_1_37' title='bbox 679 690 722 752; x_wconf 89' lang='lat' dir='ltr'><strong>sit</strong></span> <span class='ocrx_word' id='word_1_38' title='bbox 755 711 864 773; x_wconf 84' lang='lat' dir='ltr'><strong>senex,</strong></span> <span class='ocrx_word' id='word_1_39' title='bbox 897 689 1079 775; x_wconf 77' lang='lat' dir='ltr'><strong>quaerenti,</strong></span> <span class='ocrx_word' id='word_1_40' title='bbox 1111 689 1156 755; x_wconf 86' lang='lat' dir='ltr'><strong>cui</strong></span> 
     </span>
     <span class='ocr_line' id='line_1_6' title="bbox 153 775 1178 864; baseline -0.004 -18"><span class='ocrx_word' id='word_1_41' title='bbox 153 785 249 864; x_wconf 87' lang='lat' dir='ltr'><strong>serat,</strong></span> <span class='ocrx_word' id='word_1_42' title='bbox 272 778 478 863; x_wconf 89' lang='lat' dir='ltr'><strong>respondere:</strong></span> <span class='ocrx_word' id='word_1_43' title='bbox 501 775 586 841; x_wconf 74' lang='lat' dir='ltr'><strong>‘Dis</strong></span> <span class='ocrx_word' id='word_1_44' title='bbox 609 778 899 861; x_wconf 73' lang='lat' dir='ltr'><strong>inmortalibus,</strong></span> <span class='ocrx_word' id='word_1_45' title='bbox 923 777 987 861; x_wconf 92' lang='lat' dir='ltr'><strong>qui</strong></span> <span class='ocrx_word' id='word_1_46' title='bbox 1010 799 1156 843; x_wconf 89' lang='lat' dir='ltr'><strong>menon</strong></span> <span class='ocrx_word' id='word_1_47' title='bbox 1177 801 1178 805; x_wconf 46' lang='lat'>¹</span> 
     </span>
     <span class='ocr_line' id='line_1_7' title="bbox 152 865 1157 951; baseline -0.005 -17"><span class='ocrx_word' id='word_1_48' title='bbox 152 869 328 951; x_wconf 89' lang='lat' dir='ltr'><strong>accipere</strong></span> <span class='ocrx_word' id='word_1_49' title='bbox 347 866 457 930; x_wconf 92' lang='lat' dir='ltr'><strong>modo</strong></span> <span class='ocrx_word' id='word_1_50' title='bbox 475 865 569 930; x_wconf 87' lang='lat' dir='ltr'><strong>baec</strong></span> <span class='ocrx_word' id='word_1_51' title='bbox 587 888 606 929; x_wconf 90' lang='lat' dir='ltr'><strong>a</strong></span> <span class='ocrx_word' id='word_1_52' title='bbox 625 865 838 930; x_wconf 88' lang='lat' dir='ltr'><strong>maioribus</strong></span> <span class='ocrx_word' id='word_1_53' title='bbox 856 866 1080 949; x_wconf 82' lang='lat' dir='ltr'><strong>voluerunt,</strong></span> <span class='ocrx_word' id='word_1_54' title='bbox 1098 865 1157 931; x_wconf 88' lang='lat' dir='ltr'><strong>sed</strong></span> 
     </span>
     <span class='ocr_line' id='line_1_8' title="bbox 114 950 1158 1037; baseline -0.003 -16"><span class='ocrx_word' id='word_1_55' title='bbox 114 956 270 1021; x_wconf 81' lang='lat' dir='ltr'><strong>Setiam</strong></span> <span class='ocrx_word' id='word_1_56' title='bbox 297 953 467 1037; x_wconf 77' lang='lat' dir='ltr'><strong>posteris</strong></span> <span class='ocrx_word' id='word_1_57' title='bbox 495 953 677 1037; x_wconf 71' lang='lat' dir='ltr'><strong>prodere?</strong></span> <span class='ocrx_word' id='word_1_58' title='bbox 722 953 768 1018; x_wconf 79' lang='lat' dir='ltr'><strong>Et</strong></span> <span class='ocrx_word' id='word_1_59' title='bbox 795 953 910 1018; x_wconf 86' lang='lat' dir='ltr'><strong>melius</strong></span> <span class='ocrx_word' id='word_1_60' title='bbox 934 950 1096 1018; x_wconf 80' lang='lat' dir='ltr'><strong>Caecilius</strong></span> <span class='ocrx_word' id='word_1_61' title='bbox 1123 953 1158 1029; x_wconf 86' lang='lat' dir='ltr'><strong>de</strong></span> 
     </span>
     <span class='ocr_line' id='line_1_9' title="bbox 153 1040 1090 1126; baseline 0 -20"><span class='ocrx_word' id='word_1_62' title='bbox 153 1064 229 1106; x_wconf 93' lang='lat' dir='ltr'><strong>sene</strong></span> <span class='ocrx_word' id='word_1_63' title='bbox 252 1041 349 1106; x_wconf 90' lang='lat' dir='ltr'><strong>alteri</strong></span> <span class='ocrx_word' id='word_1_64' title='bbox 372 1042 500 1106; x_wconf 86' lang='lat' dir='ltr'><strong>saeculo</strong></span> <span class='ocrx_word' id='word_1_65' title='bbox 524 1041 741 1126; x_wconf 84' lang='lat' dir='ltr'><strong>prospiciente</strong></span> <span class='ocrx_word' id='word_1_66' title='bbox 765 1063 862 1126; x_wconf 89' lang='lat' dir='ltr'><strong>quam</strong></span> <span class='ocrx_word' id='word_1_67' title='bbox 884 1040 967 1106; x_wconf 90' lang='lat' dir='ltr'><strong>illud</strong></span> <span class='ocrx_word' id='word_1_68' title='bbox 989 1041 1090 1106; x_wconf 89' lang='lat' dir='ltr'><strong>idern:</strong></span> 
     </span>
     <span class='ocr_line' id='line_1_10' title="bbox 196 1127 1158 1213; baseline -0.002 -18"><span class='ocrx_word' id='word_1_69' title='bbox 196 1129 357 1213; x_wconf 78' lang='lat' dir='ltr'><strong>Edepol,</strong></span> <span class='ocrx_word' id='word_1_70' title='bbox 381 1132 574 1213; x_wconf 89' lang='lat' dir='ltr'><strong>senectus,</strong></span> <span class='ocrx_word' id='word_1_71' title='bbox 597 1127 633 1193; x_wconf 83' lang='lat' dir='ltr'><strong>si</strong></span> <span class='ocrx_word' id='word_1_72' title='bbox 652 1129 709 1192; x_wconf 90' lang='lat' dir='ltr'><strong>nil</strong></span> <span class='ocrx_word' id='word_1_73' title='bbox 733 1130 936 1213; x_wconf 86' lang='lat' dir='ltr'><strong>quicquam</strong></span> <span class='ocrx_word' id='word_1_74' title='bbox 959 1129 1067 1193; x_wconf 82' lang='lat' dir='ltr'><strong>aliud</strong></span> <span class='ocrx_word' id='word_1_75' title='bbox 1090 1129 1158 1195; x_wconf 80' lang='lat' dir='ltr'><strong>viti</strong></span> 
     </span>
     <span class='ocr_line' id='line_1_11' title="bbox 196 1215 1184 1303; baseline -0.001 -22"><span class='ocrx_word' id='word_1_76' title='bbox 196 1217 391 1301; x_wconf 80' lang='lat' dir='ltr'><strong>Adportes</strong></span> <span class='ocrx_word' id='word_1_77' title='bbox 406 1221 540 1300; x_wconf 89' lang='lat' dir='ltr'><strong>tecum,</strong></span> <span class='ocrx_word' id='word_1_78' title='bbox 555 1239 637 1282; x_wconf 85' lang='lat' dir='ltr'><strong>oum</strong></span> <span class='ocrx_word' id='word_1_79' title='bbox 651 1217 823 1303; x_wconf 83' lang='lat' dir='ltr'><strong>a&#39;drenis,</strong></span> <span class='ocrx_word' id='word_1_80' title='bbox 836 1238 950 1282; x_wconf 92' lang='lat' dir='ltr'><strong>unum</strong></span> <span class='ocrx_word' id='word_1_81' title='bbox 962 1215 1002 1280; x_wconf 86' lang='lat' dir='ltr'><strong>id</strong></span> <span class='ocrx_word' id='word_1_82' title='bbox 1016 1221 1078 1281; x_wconf 87' lang='lat' dir='ltr'><strong>sat</strong></span> <span class='ocrx_word' id='word_1_83' title='bbox 1091 1223 1158 1301; x_wconf 87' lang='lat' dir='ltr'><strong>est,</strong></span> <span class='ocrx_word' id='word_1_84' title='bbox 1183 1263 1184 1268; x_wconf 36' lang='lat'>1</span> 
     </span>
     <span class='ocr_line' id='line_1_12' title="bbox 197 1303 1159 1389; baseline 0 -19"><span class='ocrx_word' id='word_1_85' title='bbox 197 1304 304 1380; x_wconf 80' lang='lat' dir='ltr'><strong>Quod</strong></span> <span class='ocrx_word' id='word_1_86' title='bbox 318 1303 382 1369; x_wconf 84' lang='lat' dir='ltr'><strong>d1‘u</strong></span> <span class='ocrx_word' id='word_1_87' title='bbox 395 1305 558 1370; x_wconf 83' lang='lat' dir='ltr'><strong>virendo</strong></span> <span class='ocrx_word' id='word_1_88' title='bbox 573 1306 709 1388; x_wconf 79' lang='lat' dir='ltr'><strong>multa,</strong></span> <span class='ocrx_word' id='word_1_89' title='bbox 729 1326 825 1389; x_wconf 89' lang='lat' dir='ltr'><strong>quae</strong></span> <span class='ocrx_word' id='word_1_90' title='bbox 837 1326 913 1371; x_wconf 94' lang='lat' dir='ltr'><strong>non</strong></span> <span class='ocrx_word' id='word_1_91' title='bbox 930 1305 1027 1387; x_wconf 76' lang='lat' dir='ltr'><strong>volt,</strong></span> <span class='ocrx_word' id='word_1_92' title='bbox 1046 1305 1159 1370; x_wconf 85' lang='lat' dir='ltr'><strong>videt</strong></span> 
     </span>
     <span class='ocr_line' id='line_1_13' title="bbox 152 1392 1160 1477; baseline -0.002 -17"><span class='ocrx_word' id='word_1_93' title='bbox 152 1393 197 1460; x_wconf 81' lang='lat' dir='ltr'><strong>Et</strong></span> <span class='ocrx_word' id='word_1_94' title='bbox 220 1393 324 1458; x_wconf 88' lang='lat' dir='ltr'><strong>multa</strong></span> <span class='ocrx_word' id='word_1_95' title='bbox 346 1392 499 1477; x_wconf 87' lang='lat' dir='ltr'><strong>fortasse,</strong></span> <span class='ocrx_word' id='word_1_96' title='bbox 522 1414 605 1477; x_wconf 89' lang='lat' dir='ltr'><strong>quae</strong></span> <span class='ocrx_word' id='word_1_97' title='bbox 626 1393 709 1458; x_wconf 83' lang='lat' dir='ltr'><strong>volt!</strong></span> <span class='ocrx_word' id='word_1_98' title='bbox 738 1397 835 1476; x_wconf 89' lang='lat' dir='ltr'><strong>atque</strong></span> <span class='ocrx_word' id='word_1_99' title='bbox 857 1393 893 1457; x_wconf 91' lang='lat' dir='ltr'><strong>in</strong></span> <span class='ocrx_word' id='word_1_100' title='bbox 915 1414 967 1471; x_wconf 89' lang='lat' dir='ltr'><strong>ea,</strong></span> <span class='ocrx_word' id='word_1_101' title='bbox 991 1415 1075 1476; x_wconf 92' lang='lat' dir='ltr'><strong>quae</strong></span> <span class='ocrx_word' id='word_1_102' title='bbox 1097 1414 1160 1458; x_wconf 89' lang='lat' dir='ltr'><strong>non</strong></span> 
     </span>
     <span class='ocr_line' id='line_1_14' title="bbox 153 1478 1160 1566; baseline 0 -20"><span class='ocrx_word' id='word_1_103' title='bbox 153 1483 237 1564; x_wconf 85' lang='lat' dir='ltr'><strong>volt,</strong></span> <span class='ocrx_word' id='word_1_104' title='bbox 270 1503 365 1566; x_wconf 83' lang='lat' dir='ltr'><strong>saepe</strong></span> <span class='ocrx_word' id='word_1_105' title='bbox 398 1481 497 1546; x_wconf 90' lang='lat' dir='ltr'><strong>etiam</strong></span> <span class='ocrx_word' id='word_1_106' title='bbox 530 1480 748 1546; x_wconf 87' lang='lat' dir='ltr'><strong>adulescentia</strong></span> <span class='ocrx_word' id='word_1_107' title='bbox 778 1482 922 1546; x_wconf 85' lang='lat' dir='ltr'><strong>incurrit.</strong></span> <span class='ocrx_word' id='word_1_108' title='bbox 967 1478 1057 1544; x_wconf 92' lang='lat' dir='ltr'><strong>Illud</strong></span> <span class='ocrx_word' id='word_1_109' title='bbox 1085 1502 1160 1546; x_wconf 82' lang='lat' dir='ltr'><strong>vero</strong></span> 
     </span>
     <span class='ocr_line' id='line_1_15' title="bbox 152 1567 885 1634; baseline 0 -1"><span class='ocrx_word' id='word_1_110' title='bbox 152 1570 238 1634; x_wconf 91' lang='lat' dir='ltr'><strong>idem</strong></span> <span class='ocrx_word' id='word_1_111' title='bbox 262 1567 421 1634; x_wconf 78' lang='lat' dir='ltr'><strong>Caecilius</strong></span> <span class='ocrx_word' id='word_1_112' title='bbox 443 1569 605 1634; x_wconf 85' lang='lat' dir='ltr'><strong>vitiosius:</strong></span> <span class='ocrx_word' id='word_1_113' title='bbox 879 1589 885 1600; x_wconf 92' lang='lat'><strong>·</strong></span> 
     </span>
     <span class='ocr_line' id='line_1_16' title="bbox 197 1656 1189 1743; baseline 0 -23"><span class='ocrx_word' id='word_1_114' title='bbox 197 1657 290 1721; x_wconf 82' lang='lat' dir='ltr'><strong>Tum</strong></span> <span class='ocrx_word' id='word_1_115' title='bbox 317 1658 492 1743; x_wconf 80' lang='lat' dir='ltr'><strong>equidem</strong></span> <span class='ocrx_word' id='word_1_116' title='bbox 518 1656 558 1721; x_wconf 83' lang='lat' dir='ltr'><strong>in</strong></span> <span class='ocrx_word' id='word_1_117' title='bbox 586 1660 741 1721; x_wconf 83' lang='lat' dir='ltr'><strong>senecta</strong></span> <span class='ocrx_word' id='word_1_118' title='bbox 767 1656 839 1720; x_wconf 89' lang='lat' dir='ltr'><strong>boc</strong></span> <span class='ocrx_word' id='word_1_119' title='bbox 863 1656 1004 1740; x_wconf 78' lang='lat' dir='ltr'><strong>deputo</strong></span> <span class='ocrx_word' id='word_1_120' title='bbox 1028 1657 1189 1720; x_wconf 73' lang='lat' dir='ltr'><strong>miser-s</strong></span> 
     </span>
     <span class='ocr_line' id='line_1_17' title="bbox 876 1765 1029 1829; baseline 0.013 -22"><span class='ocrx_word' id='word_1_121' title='bbox 876 1765 1029 1829; x_wconf 79' lang='lat' dir='ltr'><strong>rimum,</strong></span> 
     </span>
     <span class='ocr_line' id='line_1_18' title="bbox 198 1829 1161 1916; baseline 0.001 -20"><span class='ocrx_word' id='word_1_122' title='bbox 198 1829 351 1897; x_wconf 84' lang='lat' dir='ltr'><strong>Sentire</strong></span> <span class='ocrx_word' id='word_1_123' title='bbox 366 1855 408 1897; x_wconf 89' lang='lat' dir='ltr'><strong>ea</strong></span> <span class='ocrx_word' id='word_1_124' title='bbox 423 1836 552 1898; x_wconf 88' lang='lat' dir='ltr'><strong>aetate</strong></span> <span class='ocrx_word' id='word_1_125' title='bbox 566 1834 721 1916; x_wconf 88' lang='lat' dir='ltr'><strong>e&#39;umpse</strong></span> <span class='ocrx_word' id='word_1_126' title='bbox 740 1853 822 1896; x_wconf 89' lang='lat' dir='ltr'><strong>esse</strong></span> <span class='ocrx_word' id='word_1_127' title='bbox 842 1831 1016 1896; x_wconf 91' lang='lat' dir='ltr'><strong>odiosum</strong></span> <span class='ocrx_word' id='word_1_128' title='bbox 1035 1832 1161 1897; x_wconf 77' lang='lat' dir='ltr'><strong>dlteri</strong></span> 
     </span>
     <span class='ocr_line' id='line_1_19' title="bbox 100 1917 1161 2006; baseline 0 -20"><span class='ocrx_word' id='word_1_129' title='bbox 100 1937 133 1986; x_wconf 81' lang='lat'><strong>26</strong></span> <span class='ocrx_word' id='word_1_130' title='bbox 152 1919 331 1986; x_wconf 87' lang='lat' dir='ltr'><strong>Iucundum</strong></span> <span class='ocrx_word' id='word_1_131' title='bbox 353 1921 463 2006; x_wconf 87' lang='lat' dir='ltr'><strong>potins</strong></span> <span class='ocrx_word' id='word_1_132' title='bbox 487 1943 585 2006; x_wconf 91' lang='lat' dir='ltr'><strong>quam</strong></span> <span class='ocrx_word' id='word_1_133' title='bbox 608 1921 763 1986; x_wconf 86' lang='lat' dir='ltr'><strong>odiosum.</strong></span> <span class='ocrx_word' id='word_1_134' title='bbox 799 1917 846 1983; x_wconf 93' lang='lat' dir='ltr'><strong>Ut</strong></span> <span class='ocrx_word' id='word_1_135' title='bbox 869 1919 955 1983; x_wconf 91' lang='lat' dir='ltr'><strong>enim</strong></span> <span class='ocrx_word' id='word_1_136' title='bbox 978 1919 1161 1986; x_wconf 89' lang='lat' dir='ltr'><strong>adulescen-</strong></span> 
     </span>
     <span class='ocr_line' id='line_1_20' title="bbox 151 2006 1162 2092; baseline 0 -20"><span class='ocrx_word' id='word_1_137' title='bbox 151 2010 240 2073; x_wconf 84' lang='lat' dir='ltr'><strong>tibus</strong></span> <span class='ocrx_word' id='word_1_138' title='bbox 262 2009 349 2074; x_wconf 89' lang='lat' dir='ltr'><strong>bona</strong></span> <span class='ocrx_word' id='word_1_139' title='bbox 366 2009 475 2073; x_wconf 92' lang='lat' dir='ltr'><strong>indole</strong></span> <span class='ocrx_word' id='word_1_140' title='bbox 493 2008 648 2092; x_wconf 89' lang='lat' dir='ltr'><strong>praeditis</strong></span> <span class='ocrx_word' id='word_1_141' title='bbox 667 2008 829 2091; x_wconf 89' lang='lat' dir='ltr'><strong>sapientes</strong></span> <span class='ocrx_word' id='word_1_142' title='bbox 849 2028 941 2071; x_wconf 87' lang='lat' dir='ltr'><strong>senes</strong></span> <span class='ocrx_word' id='word_1_143' title='bbox 960 2006 1162 2073; x_wconf 86' lang='lat' dir='ltr'><strong>delectantur</strong></span> 
     </span>
     <span class='ocr_line' id='line_1_21' title="bbox 152 2094 1163 2179; baseline 0.002 -21"><span class='ocrx_word' id='word_1_144' title='bbox 152 2097 318 2179; x_wconf 87' lang='lat' dir='ltr'><strong>leviorque</strong></span> <span class='ocrx_word' id='word_1_145' title='bbox 340 2095 379 2158; x_wconf 88' lang='lat' dir='ltr'><strong>fit</strong></span> <span class='ocrx_word' id='word_1_146' title='bbox 402 2098 549 2159; x_wconf 90' lang='lat' dir='ltr'><strong>senectus</strong></span> <span class='ocrx_word' id='word_1_147' title='bbox 572 2116 691 2177; x_wconf 92' lang='lat' dir='ltr'><strong>eorum,</strong></span> <span class='ocrx_word' id='word_1_148' title='bbox 715 2095 770 2178; x_wconf 91' lang='lat' dir='ltr'><strong>qui</strong></span> <span class='ocrx_word' id='word_1_149' title='bbox 789 2116 809 2158; x_wconf 91' lang='lat' dir='ltr'><strong>a</strong></span> <span class='ocrx_word' id='word_1_150' title='bbox 826 2094 994 2168; x_wconf 87' lang='lat' dir='ltr'><strong>iuventute</strong></span> <span class='ocrx_word' id='word_1_151' title='bbox 1011 2096 1163 2161; x_wconf 89' lang='lat' dir='ltr'><strong>coluntur</strong></span> 
     </span>
     <span class='ocr_line' id='line_1_22' title="bbox 153 2180 1192 2269; baseline 0.003 -23"><span class='ocrx_word' id='word_1_152' title='bbox 153 2187 186 2246; x_wconf 88' lang='lat' dir='ltr'><strong>et</strong></span> <span class='ocrx_word' id='word_1_153' title='bbox 209 2183 403 2266; x_wconf 80' lang='lat' dir='ltr'><strong>diliguntur,</strong></span> <span class='ocrx_word' id='word_1_154' title='bbox 431 2182 478 2245; x_wconf 88' lang='lat' dir='ltr'><strong>sic</strong></span> <span class='ocrx_word' id='word_1_155' title='bbox 501 2182 721 2246; x_wconf 79' lang='lat' dir='ltr'><strong>adulescentes</strong></span> <span class='ocrx_word' id='word_1_156' title='bbox 745 2202 858 2245; x_wconf 87' lang='lat' dir='ltr'><strong>senum</strong></span> <span class='ocrx_word' id='word_1_157' title='bbox 880 2183 1062 2267; x_wconf 80' lang='lat' dir='ltr'><strong>praeceptis</strong></span> <span class='ocrx_word' id='word_1_158' title='bbox 1087 2180 1192 2269; x_wconf 67' lang='lat' dir='ltr'><strong>gau-tl</strong></span> 
     </span>
     <span class='ocr_line' id='line_1_23' title="bbox 153 2268 1162 2354; baseline 0.004 -22"><span class='ocrx_word' id='word_1_159' title='bbox 153 2269 238 2351; x_wconf 91' lang='lat' dir='ltr'><strong>dent,</strong></span> <span class='ocrx_word' id='word_1_160' title='bbox 261 2268 378 2353; x_wconf 91' lang='lat' dir='ltr'><strong>quibus</strong></span> <span class='ocrx_word' id='word_1_161' title='bbox 401 2269 443 2333; x_wconf 84' lang='lat' dir='ltr'><strong>ad</strong></span> <span class='ocrx_word' id='word_1_162' title='bbox 464 2268 623 2333; x_wconf 80' lang='lat' dir='ltr'><strong>virtutum</strong></span> <span class='ocrx_word' id='word_1_163' title='bbox 647 2268 950 2354; x_wconf 71' lang='lat' dir='ltr'><strong>studia-ducuntur,</strong></span> <span class='ocrx_word' id='word_1_164' title='bbox 971 2291 1031 2336; x_wconf 90' lang='lat' dir='ltr'><strong>nec</strong></span> <span class='ocrx_word' id='word_1_165' title='bbox 1054 2272 1162 2336; x_wconf 89' lang='lat' dir='ltr'><strong>minus</strong></span> 
     </span>
     <span class='ocr_line' id='line_1_24' title="bbox 151 2356 1163 2444; baseline 0.004 -23"><span class='ocrx_word' id='word_1_166' title='bbox 151 2357 308 2443; x_wconf 86' lang='lat' dir='ltr'><strong>intellego</strong></span> <span class='ocrx_word' id='word_1_167' title='bbox 332 2379 384 2421; x_wconf 91' lang='lat' dir='ltr'><strong>me</strong></span> <span class='ocrx_word' id='word_1_168' title='bbox 406 2356 500 2422; x_wconf 84' lang='lat' dir='ltr'><strong>vobis</strong></span> <span class='ocrx_word' id='word_1_169' title='bbox 524 2379 621 2442; x_wconf 86' lang='lat' dir='ltr'><strong>quarn</strong></span> <span class='ocrx_word' id='word_1_170' title='bbox 640 2357 720 2444; x_wconf 88' lang='lat' dir='ltr'><strong>mihi</strong></span> <span class='ocrx_word' id='word_1_171' title='bbox 738 2378 796 2422; x_wconf 89' lang='lat' dir='ltr'><strong>vos</strong></span> <span class='ocrx_word' id='word_1_172' title='bbox 815 2379 885 2423; x_wconf 87' lang='lat' dir='ltr'><strong>esse</strong></span> <span class='ocrx_word' id='word_1_173' title='bbox 902 2357 1068 2425; x_wconf 86' lang='lat' dir='ltr'><strong>iucundos.</strong></span> <span class='ocrx_word' id='word_1_174' title='bbox 1101 2357 1163 2425; x_wconf 84' lang='lat' dir='ltr'><strong>Sed</strong></span> 
     </span>
     <span class='ocr_line' id='line_1_25' title="bbox 152 2445 1163 2531; baseline 0.002 -20"><span class='ocrx_word' id='word_1_175' title='bbox 152 2445 283 2529; x_wconf 86' lang='lat' dir='ltr'><strong>videtis,</strong></span> <span class='ocrx_word' id='word_1_176' title='bbox 312 2449 349 2510; x_wconf 94' lang='lat' dir='ltr'><strong>ut</strong></span> <span class='ocrx_word' id='word_1_177' title='bbox 377 2448 523 2511; x_wconf 88' lang='lat' dir='ltr'><strong>senectus</strong></span> <span class='ocrx_word' id='word_1_178' title='bbox 550 2468 616 2511; x_wconf 93' lang='lat' dir='ltr'><strong>non</strong></span> <span class='ocrx_word' id='word_1_179' title='bbox 642 2447 738 2511; x_wconf 81' lang='lat' dir='ltr'><strong>modo</strong></span> <span class='ocrx_word' id='word_1_180' title='bbox 766 2445 922 2531; x_wconf 83' lang='lat' dir='ltr'><strong>languida</strong></span> <span class='ocrx_word' id='word_1_181' title='bbox 949 2450 1047 2530; x_wconf 89' lang='lat' dir='ltr'><strong>atque</strong></span> <span class='ocrx_word' id='word_1_182' title='bbox 1074 2447 1163 2513; x_wconf 85' lang='lat' dir='ltr'><strong>iners</strong></span> 
     </span>
     <span class='ocr_line' id='line_1_26' title="bbox 151 2535 1163 2620; baseline 0.002 -22"><span class='ocrx_word' id='word_1_183' title='bbox 151 2556 219 2599; x_wconf 94' lang='lat' dir='ltr'><strong>non</strong></span> <span class='ocrx_word' id='word_1_184' title='bbox 246 2535 303 2620; x_wconf 88' lang='lat' dir='ltr'><strong>sit,</strong></span> <span class='ocrx_word' id='word_1_185' title='bbox 334 2557 447 2601; x_wconf 85' lang='lat' dir='ltr'><strong>verum</strong></span> <span class='ocrx_word' id='word_1_186' title='bbox 479 2535 577 2600; x_wconf 87' lang='lat' dir='ltr'><strong>etiam</strong></span> <span class='ocrx_word' id='word_1_187' title='bbox 609 2536 654 2600; x_wconf 91' lang='lat' dir='ltr'><strong>sit</strong></span> <span class='ocrx_word' id='word_1_188' title='bbox 681 2556 818 2620; x_wconf 88' lang='lat' dir='ltr'><strong>operosa</strong></span> <span class='ocrx_word' id='word_1_189' title='bbox 845 2537 878 2598; x_wconf 87' lang='lat' dir='ltr'><strong>et</strong></span> <span class='ocrx_word' id='word_1_190' title='bbox 905 2556 1032 2618; x_wconf 91' lang='lat' dir='ltr'><strong>semper</strong></span> <span class='ocrx_word' id='word_1_191' title='bbox 1060 2557 1163 2620; x_wconf 87' lang='lat' dir='ltr'><strong>agens</strong></span> 
     </span>
     <span class='ocr_line' id='line_1_27' title="bbox 153 2621 1193 2708; baseline 0.002 -22"><span class='ocrx_word' id='word_1_192' title='bbox 153 2624 277 2707; x_wconf 90' lang='lat' dir='ltr'><strong>aliquid</strong></span> <span class='ocrx_word' id='word_1_193' title='bbox 303 2626 337 2687; x_wconf 90' lang='lat' dir='ltr'><strong>et</strong></span> <span class='ocrx_word' id='word_1_194' title='bbox 363 2624 514 2708; x_wconf 91' lang='lat' dir='ltr'><strong>moliens,</strong></span> <span class='ocrx_word' id='word_1_195' title='bbox 541 2625 608 2687; x_wconf 89' lang='lat' dir='ltr'><strong>tale</strong></span> <span class='ocrx_word' id='word_1_196' title='bbox 636 2623 772 2703; x_wconf 89' lang='lat' dir='ltr'><strong>scilicet,</strong></span> <span class='ocrx_word' id='word_1_197' title='bbox 800 2622 895 2705; x_wconf 89' lang='lat' dir='ltr'><strong>quale</strong></span> <span class='ocrx_word' id='word_1_198' title='bbox 917 2621 1071 2706; x_wconf 87' lang='lat' dir='ltr'><strong>cuiusque</strong></span> <span class='ocrx_word' id='word_1_199' title='bbox 1095 2627 1163 2688; x_wconf 90' lang='lat' dir='ltr'><strong>stu·</strong></span> <span class='ocrx_word' id='word_1_200' title='bbox 1180 2648 1193 2671; x_wconf 53' lang='lat' dir='ltr'><strong>s</strong></span> 
     </span>
     <span class='ocr_line' id='line_1_28' title="bbox 153 2706 1164 2793; baseline 0.004 -20"><span class='ocrx_word' id='word_1_201' title='bbox 153 2709 241 2773; x_wconf 91' lang='lat' dir='ltr'><strong>dium</strong></span> <span class='ocrx_word' id='word_1_202' title='bbox 264 2712 299 2774; x_wconf 89' lang='lat' dir='ltr'><strong>in</strong></span> <span class='ocrx_word' id='word_1_203' title='bbox 327 2711 492 2793; x_wconf 89' lang='lat' dir='ltr'><strong>superiore</strong></span> <span class='ocrx_word' id='word_1_204' title='bbox 519 2710 589 2773; x_wconf 86' lang='lat' dir='ltr'><strong>vita</strong></span> <span class='ocrx_word' id='word_1_205' title='bbox 618 2709 690 2773; x_wconf 88' lang='lat' dir='ltr'><strong>fuit.</strong></span> <span class='ocrx_word' id='word_1_206' title='bbox 735 2706 840 2782; x_wconf 77' lang='lat' dir='ltr'><strong>Quid?</strong></span> <span class='ocrx_word' id='word_1_207' title='bbox 869 2709 924 2793; x_wconf 92' lang='lat' dir='ltr'><strong>qui</strong></span> <span class='ocrx_word' id='word_1_208' title='bbox 952 2709 1052 2775; x_wconf 90' lang='lat' dir='ltr'><strong>etiam</strong></span> <span class='ocrx_word' id='word_1_209' title='bbox 1075 2711 1164 2777; x_wconf 91' lang='lat' dir='ltr'><strong>addi·</strong></span> 
     </span>
     <span class='ocr_line' id='line_1_29' title="bbox 153 2793 1164 2882; baseline 0.007 -24"><span class='ocrx_word' id='word_1_210' title='bbox 153 2800 246 2858; x_wconf 90' lang='lat' dir='ltr'><strong>scunt</strong></span> <span class='ocrx_word' id='word_1_211' title='bbox 261 2798 405 2878; x_wconf 80' lang='lat' dir='ltr'><strong>aliquid?</strong></span> <span class='ocrx_word' id='word_1_212' title='bbox 424 2801 461 2860; x_wconf 88' lang='lat' dir='ltr'><strong>ut</strong></span> <span class='ocrx_word' id='word_1_213' title='bbox 480 2800 513 2859; x_wconf 87' lang='lat' dir='ltr'><strong>et</strong></span> <span class='ocrx_word' id='word_1_214' title='bbox 527 2793 678 2858; x_wconf 81' lang='lat' dir='ltr'><strong>Solonem</strong></span> <span class='ocrx_word' id='word_1_215' title='bbox 697 2796 845 2860; x_wconf 86' lang='lat' dir='ltr'><strong>versibus</strong></span> <span class='ocrx_word' id='word_1_216' title='bbox 864 2796 1061 2882; x_wconf 81' lang='lat' dir='ltr'><strong>gloriantem</strong></span> <span class='ocrx_word' id='word_1_217' title='bbox 1076 2799 1164 2865; x_wconf 77' lang='lat' dir='ltr'><strong>vide</strong></span> 
     </span>
     <span class='ocr_line' id='line_1_30' title="bbox 151 2882 1163 2966; baseline 0.007 -21"><span class='ocrx_word' id='word_1_218' title='bbox 151 2904 237 2966; x_wconf 89' lang='lat' dir='ltr'><strong>mus,</strong></span> <span class='ocrx_word' id='word_1_219' title='bbox 268 2883 324 2966; x_wconf 90' lang='lat' dir='ltr'><strong>qui</strong></span> <span class='ocrx_word' id='word_1_220' title='bbox 351 2904 385 2946; x_wconf 89' lang='lat' dir='ltr'><strong>se</strong></span> <span class='ocrx_word' id='word_1_221' title='bbox 413 2882 530 2947; x_wconf 88' lang='lat' dir='ltr'><strong>cotidie</strong></span> <span class='ocrx_word' id='word_1_222' title='bbox 558 2882 681 2964; x_wconf 91' lang='lat' dir='ltr'><strong>aliquid</strong></span> <span class='ocrx_word' id='word_1_223' title='bbox 708 2883 926 2950; x_wconf 90' lang='lat' dir='ltr'><strong>addiscentem</strong></span> <span class='ocrx_word' id='word_1_224' title='bbox 949 2886 1029 2950; x_wconf 90' lang='lat' dir='ltr'><strong>dicit</strong></span> <span class='ocrx_word' id='word_1_225' title='bbox 1050 2909 1163 2953; x_wconf 86' lang='lat' dir='ltr'><strong>senem</strong></span> 
     </span>
     <span class='ocr_line' id='line_1_31' title="bbox 150 2969 1163 3059; baseline 0.007 -27"><span class='ocrx_word' id='word_1_226' title='bbox 150 2970 234 3053; x_wconf 89' lang='lat' dir='ltr'><strong>fieri,</strong></span> <span class='ocrx_word' id='word_1_227' title='bbox 267 2973 300 3034; x_wconf 87' lang='lat' dir='ltr'><strong>ot</strong></span> <span class='ocrx_word' id='word_1_228' title='bbox 328 2991 388 3054; x_wconf 86' lang='lat' dir='ltr'><strong>ego</strong></span> <span class='ocrx_word' id='word_1_229' title='bbox 415 2969 490 3053; x_wconf 83' lang='lat' dir='ltr'><strong>feei,</strong></span> <span class='ocrx_word' id='word_1_230' title='bbox 523 2969 579 3052; x_wconf 90' lang='lat' dir='ltr'><strong>qui</strong></span> <span class='ocrx_word' id='word_1_231' title='bbox 605 2969 733 3035; x_wconf 87' lang='lat' dir='ltr'><strong>litteras</strong></span> <span class='ocrx_word' id='word_1_232' title='bbox 757 2970 901 3038; x_wconf 81' lang='lat' dir='ltr'><strong>Graecas</strong></span> <span class='ocrx_word' id='word_1_233' title='bbox 925 2995 1022 3038; x_wconf 86' lang='lat' dir='ltr'><strong>senex</strong></span> <span class='ocrx_word' id='word_1_234' title='bbox 1050 2975 1163 3059; x_wconf 81' lang='lat' dir='ltr'><strong>didici3</strong></span> 
     </span>
     <span class='ocr_line' id='line_1_32' title="bbox 152 3057 1162 3144; baseline 0.006 -23"><span class='ocrx_word' id='word_1_235' title='bbox 152 3079 232 3141; x_wconf 87' lang='lat' dir='ltr'><strong>quas</strong></span> <span class='ocrx_word' id='word_1_236' title='bbox 257 3058 386 3142; x_wconf 89' lang='lat' dir='ltr'><strong>quidem</strong></span> <span class='ocrx_word' id='word_1_237' title='bbox 410 3058 456 3122; x_wconf 90' lang='lat' dir='ltr'><strong>sic</strong></span> <span class='ocrx_word' id='word_1_238' title='bbox 479 3057 571 3122; x_wconf 84' lang='lat' dir='ltr'><strong>avide</strong></span> <span class='ocrx_word' id='word_1_239' title='bbox 594 3059 717 3143; x_wconf 88' lang='lat' dir='ltr'><strong>arripui</strong></span> <span class='ocrx_word' id='word_1_240' title='bbox 740 3061 833 3144; x_wconf 88' lang='lat' dir='ltr'><strong>quasi</strong></span> <span class='ocrx_word' id='word_1_241' title='bbox 860 3061 1047 3126; x_wconf 89' lang='lat' dir='ltr'><strong>diuturnam</strong></span> <span class='ocrx_word' id='word_1_242' title='bbox 1070 3062 1196 3127; x_wconf 87' lang='lat' dir='ltr'><strong>sitim</strong></span> 
     </span>
     <span class='ocr_line' id='line_1_33' title="bbox 152 3145 1162 3234; baseline 0.007 -26"><span class='ocrx_word' id='word_1_243' title='bbox 152 3145 278 3230; x_wconf 85' lang='lat' dir='ltr'><strong>explere</strong></span> <span class='ocrx_word' id='word_1_244' title='bbox 301 3145 447 3229; x_wconf 88' lang='lat' dir='ltr'><strong>cupiens,</strong></span> <span class='ocrx_word' id='word_1_245' title='bbox 474 3149 511 3209; x_wconf 91' lang='lat' dir='ltr'><strong>ut</strong></span> <span class='ocrx_word' id='word_1_246' title='bbox 534 3168 572 3210; x_wconf 89' lang='lat' dir='ltr'><strong>ea</strong></span> <span class='ocrx_word' id='word_1_247' title='bbox 593 3146 666 3232; x_wconf 88' lang='lat' dir='ltr'><strong>ipsa</strong></span> <span class='ocrx_word' id='word_1_248' title='bbox 689 3148 769 3213; x_wconf 90' lang='lat' dir='ltr'><strong>mihi</strong></span> <span class='ocrx_word' id='word_1_249' title='bbox 791 3152 871 3213; x_wconf 89' lang='lat' dir='ltr'><strong>nota</strong></span> <span class='ocrx_word' id='word_1_250' title='bbox 892 3153 1014 3233; x_wconf 86' lang='lat' dir='ltr'><strong>essent,</strong></span> <span class='ocrx_word' id='word_1_251' title='bbox 1042 3150 1162 3234; x_wconf 90' lang='lat' dir='ltr'><strong>quibus</strong></span> 
     </span>
     <span class='ocr_line' id='line_1_34' title="bbox 151 3233 1162 3317; baseline 0.006 -19"><span class='ocrx_word' id='word_1_252' title='bbox 151 3256 202 3298; x_wconf 91' lang='lat' dir='ltr'><strong>me</strong></span> <span class='ocrx_word' id='word_1_253' title='bbox 215 3253 301 3298; x_wconf 91' lang='lat' dir='ltr'><strong>nunc</strong></span> <span class='ocrx_word' id='word_1_254' title='bbox 315 3233 470 3317; x_wconf 87' lang='lat' dir='ltr'><strong>exemplis</strong></span> <span class='ocrx_word' id='word_1_255' title='bbox 490 3235 538 3298; x_wconf 92' lang='lat' dir='ltr'><strong>uti</strong></span> <span class='ocrx_word' id='word_1_256' title='bbox 556 3234 682 3300; x_wconf 85' lang='lat' dir='ltr'><strong>videtis.</strong></span> <span class='ocrx_word' id='word_1_257' title='bbox 719 3236 812 3312; x_wconf 80' lang='lat' dir='ltr'><strong>Quod</strong></span> <span class='ocrx_word' id='word_1_258' title='bbox 830 3260 903 3302; x_wconf 90' lang='lat' dir='ltr'><strong>cnm</strong></span> <span class='ocrx_word' id='word_1_259' title='bbox 919 3236 1035 3301; x_wconf 88' lang='lat' dir='ltr'><strong>fecisse</strong></span> <span class='ocrx_word' id='word_1_260' title='bbox 1049 3236 1162 3304; x_wconf 84' lang='lat' dir='ltr'><strong>Socra·</strong></span> 
     </span>
     <span class='ocr_line' id='line_1_35' title="bbox 150 3320 1162 3409; baseline 0.004 -23"><span class='ocrx_word' id='word_1_261' title='bbox 150 3327 217 3386; x_wconf 87' lang='lat' dir='ltr'><strong>tem</strong></span> <span class='ocrx_word' id='word_1_262' title='bbox 240 3322 275 3386; x_wconf 93' lang='lat' dir='ltr'><strong>in</strong></span> <span class='ocrx_word' id='word_1_263' title='bbox 296 3320 414 3385; x_wconf 89' lang='lat' dir='ltr'><strong>fidibus</strong></span> <span class='ocrx_word' id='word_1_264' title='bbox 443 3323 599 3407; x_wconf 90' lang='lat' dir='ltr'><strong>audirem,</strong></span> <span class='ocrx_word' id='word_1_265' title='bbox 629 3325 748 3389; x_wconf 88' lang='lat' dir='ltr'><strong>vellem</strong></span> <span class='ocrx_word' id='word_1_266' title='bbox 775 3325 924 3409; x_wconf 88' lang='lat' dir='ltr'><strong>equidem</strong></span> <span class='ocrx_word' id='word_1_267' title='bbox 952 3325 1051 3389; x_wconf 91' lang='lat' dir='ltr'><strong>etiam</strong></span> <span class='ocrx_word' id='word_1_268' title='bbox 1078 3326 1162 3390; x_wconf 92' lang='lat' dir='ltr'><strong>illud</strong></span> 
     </span>
     <span class='ocr_line' id='line_1_36' title="bbox 151 3408 1160 3562; baseline 0.005 -89"><span class='ocrx_word' id='word_1_269' title='bbox 151 3409 334 3562; x_wconf 48' lang='lat' dir='ltr'><strong>(ilippebant</strong></span> <span class='ocrx_word' id='word_1_270' title='bbox 356 3408 443 3473; x_wconf 91' lang='lat' dir='ltr'><strong>enim</strong></span> <span class='ocrx_word' id='word_1_271' title='bbox 464 3410 583 3474; x_wconf 88' lang='lat' dir='ltr'><strong>fidibus</strong></span> <span class='ocrx_word' id='word_1_272' title='bbox 606 3411 761 3499; x_wconf 80' lang='lat' dir='ltr'><strong>antiqui),</strong></span> <span class='ocrx_word' id='word_1_273' title='bbox 789 3411 845 3477; x_wconf 84' lang='lat' dir='ltr'><strong>sed</strong></span> <span class='ocrx_word' id='word_1_274' title='bbox 872 3412 907 3476; x_wconf 89' lang='lat' dir='ltr'><strong>in</strong></span> <span class='ocrx_word' id='word_1_275' title='bbox 929 3412 1050 3476; x_wconf 88' lang='lat' dir='ltr'><strong>litteris</strong></span> <span class='ocrx_word' id='word_1_276' title='bbox 1073 3419 1160 3480; x_wconf 89' lang='lat' dir='ltr'><strong>certe</strong></span> 
     </span>
     <span class='ocr_line' id='line_1_37' title="bbox 149 3519 1197 3564; baseline -0.004 0"><span class='ocrx_word' id='word_1_277' title='bbox 149 3519 202 3564; x_wconf 86' lang='lat' dir='ltr'><strong>ea</strong></span> <span class='ocrx_word' id='word_1_278' title='bbox 226 3519 325 3564; x_wconf 80' lang='lat' dir='ltr'><strong>oravi.</strong></span> <span class='ocrx_word' id='word_1_279' title='bbox 1173 3519 1197 3560; x_wconf 76' lang='lat' dir='ltr'><strong>a</strong></span> 
     </span>
     <span class='ocr_line' id='line_1_38' title="bbox 96 3554 1158 3682; baseline 0.004 -32"><span class='ocrx_word' id='word_1_280' title='bbox 96 3554 131 3682; x_wconf 48' lang='grc' dir='ltr'><strong>ἐξ</strong></span> <span class='ocrx_word' id='word_1_281' title='bbox 215 3584 284 3651; x_wconf 89' lang='lat' dir='ltr'><strong>Nec</strong></span> <span class='ocrx_word' id='word_1_282' title='bbox 311 3608 396 3651; x_wconf 89' lang='lat' dir='ltr'><strong>nunc</strong></span> <span class='ocrx_word' id='word_1_283' title='bbox 424 3585 552 3671; x_wconf 91' lang='lat' dir='ltr'><strong>quidem</strong></span> <span class='ocrx_word' id='word_1_284' title='bbox 579 3585 664 3651; x_wconf 82' lang='lat' dir='ltr'><strong>vires</strong></span> <span class='ocrx_word' id='word_1_285' title='bbox 693 3588 838 3653; x_wconf 88' lang='lat' dir='ltr'><strong>desidero</strong></span> <span class='ocrx_word' id='word_1_286' title='bbox 866 3586 1082 3654; x_wconf 84' lang='lat' dir='ltr'><strong>adulescentis</strong></span> <span class='ocrx_word' id='word_1_287' title='bbox 1117 3589 1158 3675; x_wconf 87' lang='lat' dir='ltr'><strong>(is</strong></span> 
     </span>
    </p>
   </div>
   <div class='ocr_carea' id='block_1_3' title="bbox 0 0 1202 4126">
    <p class='ocr_par' dir='ltr' id='par_1_3' title="bbox 0 0 1202 4126">
     <span class='ocr_line' id='line_1_39' title="bbox 0 0 1202 4126; baseline 0 0"><span class='ocrx_word' id='word_1_288' title='bbox 0 0 1202 4126; x_wconf 95' lang='lat' dir='ltr'><strong> </strong></span> 
     </span>
    </p>
   </div>
  </div>
 </body>
</html>
