2394 4126
297 230 300 234 ’
369 259 446 316 cnr.
467 266 569 330 14,15.
607 266 755 328 saa-m.
1005 262 1067 327 149

54 424 156 488 lunae
183 423 288 488 multo
315 426 390 488 ante
416 424 511 488 nobis
533 423 732 510 praedicere!
779 419 863 498 Quid
885 422 920 486 in
942 423 1069 487 leviori·
1086 443 1121 493 so

54 512 119 576 bus
144 510 275 595 studiis,
302 511 357 576 sed
386 515 495 576 tamen
518 511 645 578 acutis?
672 533 770 595 quam
817 510 958 574 audebat
979 511 1068 575 bello

56 621 117 665 110
139 597 263 664 Punico
284 597 440 664 Naevius!
465 622 563 684 quam
586 600 781 665 Truculento
829 599 947 684 lautus,
971 620 1069 683 quam

54 687 233 752 Pseudolo!
277 685 355 762 Vidi
381 687 481 752 etiam
512 709 622 753 sonem
649 687 791 771 Livium3
824 687 881 772 qui
912 708 986 753 cum
1013 708 1069 751 111

22 791 43 832 ⁵
56 775 154 842 annis
177 777 266 859 ante,
293 797 390 859 quam
418 797 479 860 ego
501 780 599 841 natus
623 797 707 860 sum,
735 775 883 841 fabulam
906 774 1069 842 docuisset

56 863 205 930 Centone
227 862 452 947 Tuditanoque
475 863 674 948 consulibus,
696 885 797 949 usque
821 863 862 930 ad
884 864 1068 929 adulescen-

55 951 140 1027 tiam
162 972 269 1016 meam
290 950 450 1037 processit
468 955 586 1016 aetate.
627 950 711 1026 Quid
729 952 766 1017 de
784 951 820 1017 P.
839 951 943 1018 Licini
958 950 1069 1018 Crassi

56 1043 91 1106 et
108 1039 269 1125 pontificii
288 1042 321 1104 et
339 1040 443 1104 civilis
461 1040 541 1104 iuris
560 1039 668 1104 studio
691 1040 808 1125 loquar
830 1044 887 1107 aut
910 1041 948 1107 de
970 1041 1067 1106 huius

55 1128 91 1193 P.
116 1125 292 1213 Scipionis,
316 1128 371 1213 qui
393 1128 445 1192 his
467 1128 579 1215 paucis
603 1127 715 1193 diebus
737 1128 885 1214 pontifex
907 1129 1068 1194 maximus

10 1216 165 1281 refactus
193 1216 265 1280 est?
311 1216 420 1301 Atque
449 1239 505 1284 eos
537 1238 663 1299 omnes,
696 1238 777 1300 quos
810 1217 1068 1301 commemoravi,

55 1304 110 1369 his
139 1302 256 1381 studiis
283 1303 459 1390 flagrantes
487 1326 581 1370 senes
607 1304 761 1388 vidimus3
787 1304 830 1368 Μ.
853 1326 929 1370 vcro
954 1303 1068 1371 Cethe

57 1413 145 1479 gum,
169 1414 265 1476 quem
287 1396 374 1457 recte
398 1390 561 1458 ‘suadae
583 1391 807 1457 medullam'
832 1392 913 1455 dixit
933 1392 1068 1475 Ennius,

58 1482 182 1565 quanto
215 1479 322 1544 studio
356 1480 495 1544 exerceri
524 1479 561 1543 in
592 1478 726 1544 dicendo
752 1479 942 1544 videbamus
970 1479 1069 1542 etiam

37 1569 182 1633 'seneml
220 1565 309 1642 Quae
333 1571 409 1630 sunt
429 1567 532 1650 igitur
556 1566 726 1650 epularum
751 1569 807 1628 aut
834 1565 985 1628 ludorum
1013 1568 1070 1628 aut

10 1668 45 1714 1⁶
58 1659 244 1739 scortorum
274 1653 461 1736 uoluptates
494 1673 567 1717 cum
598 1651 650 1716 his
682 1651 907 1737 uoluptatibus
943 1673 1070 1735 compa-

55 1743 201 1809 randae?
246 1740 357 1824 Atque
378 1740 459 1804 haec
486 1737 616 1822 quidem
644 1739 752 1804 studia
778 1739 956 1823 doctrinae,
987 1760 1069 1825 quae

57 1832 191 1916 quidem
222 1827 436 1912 prudentibus
469 1829 502 1890 et
533 1826 615 1890 bene
649 1826 811 1891 institutis
842 1827 965 1911 pariter
996 1850 1069 1893 cum

54 1923 170 1986 aetate
194 1918 353 1997 crescunt,
379 1917 417 1977 ut
439 1912 613 1979 honestum
634 1913 718 1978 illud
740 1912 868 1980 Solonis
897 1915 953 2000 sit,
983 1916 1070 1999 quod

54 2008 107 2071 ait
130 2002 292 2067 versiculo
312 2000 459 2086 quodam,
481 2004 519 2066 ut
537 2005 612 2067 ante
631 2001 705 2086 dixi,
729 2025 893 2068 senescere
913 2025 947 2068 se
965 2004 1070 2068 multa

10 2097 92 2159 acin
117 2091 187 2154 dies
211 2089 443 2174 addiscentem,
466 2112 531 2174 qua
552 2091 722 2176 voluptate
745 2091 846 2157 animi
867 2093 959 2157 nulla
982 2096 1068 2157 certe

55 2183 170 2267 potest
193 2199 264 2242 esse
286 2177 397 2242 maior.

124 2265 230 2331 Venio
252 2287 338 2330 nunc
357 2265 396 2330 ad
414 2266 601 2352 voluptates
621 2268 847 2354 agricolarum,
871 2270 987 2352 quibus
1007 2291 1067 2356 ego
1080 2243 1121 2368 155)

56 2353 292 2421 incredibiliter
315 2353 471 2438 delect0r;
499 2376 581 2437 quae
607 2377 667 2420 nec
688 2355 757 2420 ulla
779 2357 999 2440 impediuntur
1022 2379 1069 2421 se-

56 2445 189 2508 nectute
218 2444 252 2507 et
277 2440 359 2505 mihi
382 2441 423 2505 ad
446 2441 602 2525 sapientis
624 2443 728 2506 vitam
749 2443 896 2526 proxime
918 2444 1069 2508 videntur

17 2545 45 2589 2⁵
58 2531 218 2597 accedere.
249 2528 381 2610 Habent
395 2528 482 2592 enim
494 2528 656 2592 rationem
675 2550 748 2593 cum
765 2532 862 2613 terra,
881 2551 962 2612 quae
978 2552 1068 2594 num-

59 2641 157 2704 quam
175 2620 305 2683 recusat
321 2615 494 2701 imperium
512 2636 571 2681 nec
589 2637 744 2701 umquam
758 2616 827 2681 sine
841 2638 941 2682 usura
953 2619 1068 2704 reddit,

59 2706 145 2792 quod
163 2705 297 2790 accepit,
316 2705 373 2769 sed
391 2705 472 2769 alias
492 2704 625 2788 minore,
644 2705 835 2790 plerumque
853 2706 976 2772 maiore
994 2730 1068 2773 cum

57 2794 199 2860 faenore.
245 2792 447 2878 Quamquam
474 2814 526 2857 me
555 2792 683 2877 quidem
710 2814 777 2860 non
806 2795 931 2861 fructus
961 2797 1067 2883 modo,

59 2881 116 2948 scd
138 2881 240 2947 etiam
261 2880 363 2965 ipsius
387 2885 493 2947 terrae
515 2881 565 2947 vis
589 2904 626 2947 ac
648 2886 766 2949 natura
789 2883 936 2949 delectat.
978 2884 1067 2960 Quae

19 2985 132 3037 mcum
159 2969 284 3057 gremio
311 2969 440 3034 mollito
469 2991 507 3035 ac
534 2969 668 3037 subacto
697 2993 847 3056 sparsum
879 2995 989 3038 semen
1017 2995 1067 3037 ex·

57 3059 153 3145 cepit,
175 3057 318 3143 primum
340 3057 374 3122 id
396 3061 600 3125 occaecatum
622 3059 761 3142 cohibet,
785 3082 823 3124 11
847 3081 910 3145 quo
934 3061 1067 3143 occatio,

58 3167 142 3230 quae
163 3144 226 3212 hcc
249 3145 358 3230 efficit,
379 3147 548 3212 nominata
570 3150 633 3230 est,
657 3147 770 3210 deinde
793 3148 991 3233 tepefactum
1013 3169 1068 3212 va·

55 3255 137 3320 pore
159 3237 193 3299 et
215 3249 401 3319 compressu
419 3257 477 3300 110
497 3235 697 3300 diffunditat
716 3235 805 3300 elicit
822 3236 1066 3300 herbescentem

57 3343 98 3386 ex
124 3343 162 3387 eo
189 3322 404 3408 viriditatem,
432 3345 514 3407 quae
541 3322 618 3387 nixa
644 3322 736 3387 fibris
766 3323 918 3407 stirpium
945 3318 1066 3383 sensim

20 3423 43 3468 11
56 3409 216 3476 adulescit
233 3412 403 3496 culmoque
421 3415 528 3476 erecta
547 3411 732 3496 geniculato
750 3410 877 3495 vaginis
892 3410 958 3471 iam
973 3406 1066 3486 quasi

55 3497 235 3583 pubescens
257 3499 446 3582 includitur,
476 3519 514 3562 11
542 3499 658 3580 quibus
686 3520 760 3563 cum
787 3495 931 3575 emersit,
958 3491 1066 3557 fundit

55 3586 185 3674 frugem
212 3586 294 3673 spici
321 3586 432 3651 ordine
461 3587 619 3650 structam
641 3589 674 3649 et
697 3587 811 3648 contra
834 3580 942 3646 avium
965 3579 1066 3647 mino-
