2394 4126
391 107 467 166 CAP.
487 115 591 166 20-22
628 116 643 175 ξ
665 115 726 165 'lh—
734 117 777 165 80.
1017 114 1081 177 159

60 269 260 337 animorum
287 269 504 353 disseruisset,
536 270 564 335 is
592 271 647 354 qui
675 272 762 343 esset
785 268 928 334 omnium
958 271 1081 355 sapien-

10 372 15 405 ’τ
62 356 223 423 tissimus
248 357 377 423 oraculo
395 356 561 443 Apollinis
579 358 749 423 iudicatus.
782 357 866 432 Quid
886 359 1011 423 multa?
1035 359 1081 424 sic

10 488 16 497 -
62 445 222 528 persuasi
245 445 339 529 mihi,
363 445 409 525 sic
433 445 551 529 sentio,
573 468 646 511 cum
668 447 763 510 tanta
785 445 934 511 celeritas
960 446 1081 511 animo-

41 584 44 589 -
63 550 149 599 rum
171 532 229 616 sit,
259 536 351 609 tanta
378 533 535 599 memoria
556 533 807 618 praeteritorum
833 532 1080 618 futurorumque

10 610 256 705 &prudentia
278 614 445 717 tot'Qtes,
467 623 580 691 tantae
601 620 764 706 scientiae,
786 624 839 686 tot
856 621 997 705 inventa,
1014 643 1081 685 non
1129 634 1165 688 Ἢ

10 720 23 765 ἱ
63 725 173 791 posse
194 730 266 773 eam
288 712 449 792 naturam,
472 729 624 793 quaeres
643 730 698 773 eas
716 709 889 793 contineat,
908 732 978 774 esse
997 732 1081 775 mor-

22 796 25 801 ’
63 794 185 879 talem,
207 817 343 879 cumque
366 817 493 880 semper
512 794 655 882 agitetur
674 796 799 861 animus
813 818 872 862 nec
885 796 1080 882 principium

20 920 41 959 ·.
64 900 103 949 m
126 886 184 947 tus
206 882 336 968 haheat,
360 882 436 967 quia
458 905 493 957 se
514 884 585 968 ipse
608 886 746 968 moveat,
767 905 808 949 ne
830 884 927 950 finem
951 886 1080 970 quidem

63 966 115 1049 ha
140 970 263 1036 iturum
286 993 357 1036 esse
380 974 501 1056 motus,
525 971 601 1056 quia
622 992 799 1055 numquam
822 993 856 1037 se
877 973 946 1058 ipse
971 974 1015 1038 sit
1032 996 1079 1038 re·
1147 978 1169 1045 »ὅ

43 1054 225 1143 licturus,
253 1061 300 1139 et,
328 1080 401 1124 cum
429 1059 566 1145 simplex
594 1059 694 1125 animi
721 1062 808 1124 esset
832 1065 949 1127 natura
975 1084 1096 1146 neque.
1119 1058 1140 1097 ·''

44 1198 52 1215 -,
62 1142 210 1213 haberet
239 1145 274 1211 in
300 1166 335 1212 se
363 1146 534 1233 quicquam
561 1147 740 1212 admixtum
768 1147 877 1232 dispar
905 1149 955 1212 sui
983 1153 1079 1232 atque

63 1232 245 1318 dissimile,
272 1255 339 1299 non
360 1256 456 1320 posse
479 1256 553 1300 eum
575 1235 688 1318 dividi3
711 1235 797 1318 quod
820 1236 848 1298 si
870 1257 937 1300 non
959 1240 1079 1320 posset,
1168 1274 1171 1281 ·

63 1340 140 1389 non
157 1343 252 1407 posse
270 1322 418 1406 interire,
435 1343 619 1408 magnoque
638 1343 707 1386 esse
722 1326 914 1406 argumento
932 1323 1079 1387 homines

64 1408 156 1477 scire
178 1410 334 1493 pleraque
357 1411 446 1491 ante,
476 1430 574 1492 quam
596 1409 667 1472 nati
690 1408 769 1490 sint,
793 1408 878 1490 quod
895 1408 962 1471 iam
980 1409 1080 1492 pueri,
1096 1426 1114 1442 ·’

10 1562 37 1577 ,,
65 1519 148 1564 eum
164 1500 251 1562 artes
271 1494 419 1559 difficiles
438 1494 574 1577 discant,
595 1495 644 1557 ita
662 1493 809 1557 celeriter
827 1514 878 1557 res
900 1493 1081 1558 innumera-

10 1578 20 1653 5
63 1582 157 1652 biles
180 1582 354 1669 arripiant,
380 1583 419 1645 ut
448 1601 502 1644 eas
524 1601 592 1644 non
613 1583 683 1644 tum
706 1579 847 1663 primum
871 1579 1014 1663 accipere
1037 1581 1081 1647 vi-

10 1674 22 1711 f'
64 1674 221 1753 deantur,
245 1669 301 1734 sed
314 1667 478 1733 reminisci
492 1670 525 1731 et
543 1666 714 1733 recordari.
740 1665 830 1731 Haec
842 1666 990 1733 Platonis
1004 1668 1080 1734 fere.

61 1759 173 1844 Apud
194 1756 446 1839 Xenophontem
468 1757 577 1819 autern
597 1754 738 1821 moriens
757 1752 860 1838 Cyrus
879 1756 983 1821 maior
1000 1758 1080 1823 haec
1089 1737 1132 1800 22

10 1840 22 1873 ‘1
63 1846 167 1913 areis:
200 1841 352 1907 ‘Nonae
375 1841 581 1926 arbitrari,
609 1865 628 1907 0
651 1842 745 1906 mni
772 1843 965 1909 carissimi
987 1845 1080 1932 fun,
1099 1816 1132 1864 ⁷⁹

14 1998 33 2009 ,,
64 1953 145 2014 me,
170 1951 252 1994 curn
274 1951 294 1994 a
316 1928 427 1994 vobis
450 1928 680 2016 discessero,
701 1951 888 2015 nusquam
912 1937 978 1997 aut
995 1933 1079 1998 nul-

10 2016 22 2031 ”
62 2024 152 2087 lum
175 2016 269 2083 fore.
301 2014 380 2082 Neo
402 2017 515 2102 enim,
538 2017 623 2083 dum
645 2040 747 2084 eram
766 2019 978 2105 vobiscum,
998 2021 1092 2087 ani·.

66 2128 171 2175 mum
204 2127 324 2171 meum
360 2104 572 2191 videbatis,
608 2107 674 2173 sed
706 2128 789 2172 eum
822 2123 906 2173 esse
938 2108 981 2173 in·
1007 2110 1079 2176 hoc

68 2214 234 2279 corpore
257 2215 301 2258 ex
322 2191 372 2257 iis
390 2193 517 2280 rebus,
540 2216 633 2279 quas
652 2195 847 2281 gerebam,
869 2196 1079 2282 intellege-

10 2348 16 2365 ,
68 2282 187 2350 batis.
231 2280 403 2346 Eundem
424 2281 548 2368 igitur
575 2304 658 2347 esse
688 2283 892 2366 creditate,
923 2284 1078 2348 etiamsi

10 2370 57 2424 “²⁵
69 2370 224 2437 nullum
245 2367 437 2434 videbitis.
484 2368 562 2434 Nec
583 2390 674 2434 vero
694 2369 889 2433 clarorum
906 2369 1076 2433 virorum
1097 2387 1130 2436 80

69 2460 162 2545 post
193 2459 354 2523 mortem
389 2455 555 2523 honores
588 2458 873 2540 permanerent,
910 2455 943 2519 si
977 2456 1077 2521 nihil

72 2567 203 2611 eorum
228 2544 404 2630 ipsorum
431 2543 549 2608 animi
577 2542 798 2627 efficerent,
831 2564 903 2626 qno
932 2543 1078 2610 diutius
1179 2622 1181 2627 ¹

70 2631 295 2699 memoriam
319 2631 379 2695 sui
400 2634 632 2697 teneremus.
676 2630 771 2696 Mihi
795 2631 948 2715 quidem
975 2655 1079 2700 num·

72 2742 184 2806 quam
216 2717 442 2804 persuaderi
471 2719 603 2804 potuit
630 2719 789 2804 animos,
822 2720 906 2785 dum
933 2721 972 2786 in
999 2746 1078 2788 cor-

27 2807 240 2895 tcporihus·
257 2809 390 2871 essent
407 2807 662 2893 mortalibus,
679 2807 823 2893 vivere,
851 2832 934 2875 cum
952 2832 1077 2877 exces-

70 2895 218 2979 sissent
250 2915 294 2959 ex
325 2893 394 2978 eis,
430 2895 562 2980 emori,
591 2916 659 2962 neo
685 2917 776 2962 vero
803 2900 884 2962 tum
911 2899 1079 2963 animum

70 3004 156 3049 esse
191 2980 457 3067 insipientem,
493 3005 574 3048 cnm
610 3005 654 3049 ax
684 2983 890 3069 insipienti
919 3007 1079 3069 corpore

70 3071 278 3154 evasisset,
310 3068 376 3134 sed
402 3092 484 3136 oum
511 3071 613 3136 omni
640 3070 876 3136 admixtione
904 3070 1078 3155 corporis

69 3159 266 3225 liberatus
288 3179 411 3243 purus
434 3160 473 3223 et
494 3158 646 3245 integer
670 3176 752 3220 esse
771 3157 978 3243 coepisset,
1000 3160 1079 3219 tum

27 3263 55 3306 ⁸⁵
70 3268 156 3312 esse
180 3245 399 3332 sapientem.
431 3245 559 3331 Atque
581 3244 698 3310 etiam
721 3265 803 3309 cum
825 3242 992 3309 hominis
1015 3263 1080 3304 na-

67 3337 159 3401 tura
184 3336 307 3399 morte
330 3333 578 3415 dissolvitur,
607 3334 822 3396 ceterarum
847 3349 973 3395 rerum
995 3348 1079 3410 per·

68 3422 247 3509 spiceum
265 3425 325 3488 est
344 3442 417 3505 quo
432 3438 603 3505 quaeque
617 3416 803 3501 discedat,
821 3416 962 3480 abeunt
982 3414 1080 3480 enim
1154 3502 1158 3509 Ι
