2394 4126
182 184 265 307 202'
589 221 786 279 Pnunnoul

185 391 233 455 dis
257 389 353 454 rebus
372 409 456 454 unus
475 410 513 452 ex
530 386 708 450 fortunatis
726 384 924 468 hominibus,
947 382 1084 450 adversis
1098 403 1146 446 unt»
1182 436 1189 449 „

185 501 224 544 ex
247 477 381 542 summis
405 476 484 542 viris
507 475 691 558 videbatur,
722 495 785 558 quo
811 472 941 537 beatius
968 493 1038 536 esse
1058 493 1104 536 mo
1133 479 1149 503 ³
1182 485 1197 549 1

134 583 166 634 17
184 567 266 632 nihil
289 570 408 651 potest.
444 562 568 645 Nescis,
590 562 712 647 insane,
734 561 849 646 neseis,
871 565 1011 645 quantas
1029 559 1109 625 viru
1125 588 1143 612 ·ι
1184 584 1197 636 ι

184 661 239 720 tus
257 655 392 737 habeat3
414 672 532 717 nomen
550 653 680 715 tantum
697 649 830 714 virtutis
852 670 1001 734 usurpas,
1024 647 1095 732 quid
1110 667 1160 710 nn
1186 672 1197 721 ι

185 743 307 826 valeat,
334 743 475 827 ignoras.
520 736 625 803 Nemo
653 741 763 823 potest
789 759 855 803 nen
883 737 1090 802 beatissimus
1188 747 1197 824 i

187 832 243 916 qui
271 835 321 895 est
348 833 437 893 totus
466 830 562 911 aptus
590 848 629 890 ex
657 848 740 911 sese,
773 826 891 910 quique
920 825 956 890 in
983 847 1017 890 se
1044 845 1103 889 uno
1128 854 1137 877 :1
1189 847 1197 893 ι

185 919 280 1006 ponit
307 916 425 982 omnia.
469 913 530 980 Oui
558 936 632 999 spes
660 915 765 979 omnis
793 917 826 978 et
855 913 941 979 ratio
973 917 1012 978 et·
1038 913 1125 999 cogi
1138 940 1143 955 ·
1191 934 1197 958 ¹

185 1006 305 1092 pendet
328 1025 366 1067 ex
388 1002 534 1087 fortuna,
557 1003 633 1067 huie
655 1002 738 1067 nihil
761 1006 965 1087 potestesse
988 1002 1082 1086 certi,
1107 1007 1160 1057 111]ἐ

187 1091 273 1178 quod
287 1092 493 1177 exploratum
507 1092 627 1155 habeat
641 1112 889 1176 permansurum
908 1091 972 1155 sibi
989 1113 1088 1155 unum
1099 1088 1135 1152 dr:
1145 1121 1146 1141 ι
1158 1089 1165 1123 “’

185 1180 271 1246 Eum
294 1183 331 1244 tu
353 1180 518 1245 hominem
541 1182 673 1261 terreto,
697 1180 725 1243 si
749 1201 844 1264 quem
867 1178 931 1243 eris
953 1182 1098 1262 nanetus,
1128 1204 1164 1236 2¹¹:

187 1268 303 1334 mortis
328 1271 385 1332 aut
408 1268 496 1332 exilii
519 1267 624 1332 minis.
664 1265 746 1331 Mihi
769 1288 845 1331 vero
870 1266 1024 1351 quiequid

186 1358 221 1422 in
244 1360 313 1422 lam
335 1357 468 1442 ingrata
490 1355 631 1438 civitate,
653 1377 694 1419 ne
717 1355 880 1420 recusanti
899 1355 1029 1438 quidem
1048 1374 1130 1420 even

187 1468 253 1511 non
276 1445 372 1509 modo
397 1446 488 1525 [non]
512 1444 717 1530 repugnanti.
758 1442 842 1519 Quid
865 1444 951 1508 enirn
971 1465 1032 1530 ego
1053 1443 1149 1508 labora

189 1538 245 1599 aut
269 1534 346 1618 quid
369 1533 435 1618 egi,
459 1536 515 1598 aut
537 1533 572 1595 in
595 1554 657 1615 quo
681 1531 879 1617 evigilarunt
901 1553 998 1597 aurae
1021 1535 1055 1596 et
1076 1528 1168 1616 cogite

188 1624 294 1687 tiones
318 1644 421 1703 meae,
449 1621 607 1704 siquidem
633 1619 716 1684 nihil
738 1620 850 1705 peperi
872 1621 953 1704 tale,
981 1620 1065 1684 nihil
1086 1634 1166 1684 eones

189 1715 282 1776 cutus
307 1733 392 1794 sum,
419 1714 456 1773 ut
484 1731 521 1774 eo
546 1712 634 1773 statu
658 1730 775 1792 essem,
805 1729 900 1791 quem
922 1729 1028 1792 neque
1049 1708 1169 1772 fortuna

138 1815 170 1865 ιε
190 1799 357 1863 temeritas
371 1819 474 1880 neque
488 1797 693 1861 inimieorum
712 1795 1084 1861 labefactaret'iniuria?
1110 1791 1169 1858 Mor

190 1891 297 1951 temne
321 1885 402 1949 mihi
429 1885 606 1967 minitaris,
636 1889 673 1949 ut
701 1885 832 1949 omnino
860 1885 903 1948 ab
930 1885 1123 1966 hominibus,
1144 1896 1170 1942 au

190 1974 332 2058 exilium,
354 1977 392 2039 ut
415 1974 456 2038 ab
480 1973 626 2059 inprobis
651 1973 897 2058 demigrandum
921 1974 991 2038 sit?
1025 1972 1111 2038 Mors
1128 1972 1170 2031 aa

189 2062 295 2128 ribilis
318 2062 369 2146 iis,
393 2084 531 2145 quorum
554 2084 625 2126 eum
649 2062 718 2126 vita
741 2062 850 2126 omnia
870 2062 1171 2147 extinguamur

189 2151 244 2232 iis,
277 2172 414 2233 quorum
441 2151 513 2213 laus
541 2149 644 2214 emori
671 2171 738 2213 non
769 2153 892 2233 potest,
925 2150 1059 2216 exilium
1089 2149 1172 2214 autem

190 2238 266 2314 illis,
292 2237 409 2319 quibus
433 2236 527 2319 quasi
549 2236 810 2320 circumscriptus
834 2241 884 2301 est
907 2237 1078 2303 habitandi
1096 2236 1173 2309 locus,

189 2347 256 2390 non
274 2323 323 2407 iis,
347 2323 403 2406 qui
422 2344 549 2386 omnem
569 2324 681 2388 orbem
700 2327 861 2388 terrarum
879 2348 978 2390 unam
997 2327 1108 2392 urbem
1123 2335 1174 2386 esst

191 2413 319 2479 ducunt.
365 2411 410 2475 Te
437 2410 599 2496 miseriae,
631 2416 664 2476 te
698 2435 870 2479 aerumnae
900 2419 1054 2500 premunt
1079 2425 1174 2485 omnes,

192 2503 247 2586 qui
270 2505 302 2567 te
325 2501 470 2580 beatum,
495 2501 551 2586 qui
575 2506 608 2566 te
636 2502 805 2567 florentem
828 2505 939 2586 putas,
972 2508 1000 2567 te
1020 2508 1094 2568 tuae
1114 2491 1176 2587 lull

192 2592 281 2655 dines
309 2594 476 2675 torquent,
508 2594 545 2655 tu
573 2590 640 2655 dies
668 2595 842 2675 noctesque
870 2591 1038 2676 cruciaris,
1064 2589 1177 2655 cuine

192 2684 244 2743 sat
267 2683 330 2761 est,
346 2678 440 2762 ‚quod
464 2682 527 2761 est,
554 2682 587 2742 et
610 2679 643 2741 id
665 2679 772 2763 ipsum
794 2700 835 2742 ne
858 2700 924 2743 non
947 2678 1129 2743 diuturnum
1147 2669 1180 2735 sil

190 2767 350 2846 futurum,
382 2765 492 2847 times,
525 2769 559 2829 te
587 2766 802 2829 eonscientiae
830 2766 1002 2830 stimulant
1029 2759 1180 2831 maleficia

191 2874 264 2915 rum
292 2856 436 2933 tuorum,
467 2855 501 2914 te
533 2854 638 2915 metus
671 2852 857 2916 exanimant
883 2854 1075 2920 iudiciorum
1102 2855 1182 2934 atque

192 2940 315 3023 legum,
344 2959 544 3020 quocumque
568 2938 758 3023 adspexisti,
786 2944 824 3004 ut
845 2942 949 3006 furiae
973 2943 1020 3007 sie
1042 2947 1115 3007 tuae
1135 2930 1185 3001 tibi

194 3028 365 3090 occurrunt
378 3024 524 3109 iniuriae,
548 3047 630 3109 quae
644 3029 676 3090 te
696 3028 859 3113 suspirare
878 3030 979 3095 libere
997 3053 1065 3095 non
1082 3025 1187 3094 sinunt

141 3131 172 3180 19
193 3113 296 3190 Quam
320 3115 361 3178 ob
385 3136 467 3196 rem,
496 3118 533 3178 ut
560 3115 699 3198 inprobo
723 3119 755 3179 et
779 3117 881 3181 stulto
905 3122 938 3182 et
960 3118 1060 3183 inerti
1081 3108 1190 3183 nemini

192 3206 273 3270 bene
302 3226 370 3268 esse
399 3207 520 3288 potest,
548 3203 595 3268 sie
621 3203 725 3268 bonus
749 3205 800 3270 vir
827 3210 860 3270 et
888 3205 1017 3291 sapiens
1046 3210 1079 3271 et
1104 3200 1191 3271 fortis

192 3295 290 3358 miser
308 3315 377 3357 esse
395 3315 490 3357 nemo
505 3294 623 3377 potest.
649 3290 717 3357 Nee
731 3314 817 3377 vero,
836 3295 951 3378 quoius
966 3295 1070 3360 virtus
1084 3311 1194 3359 mores·

193 3404 254 3466 que
278 3381 431 3446 laudandi
454 3384 540 3463 sunt,
563 3380 630 3443 eius
653 3401 720 3444 non
742 3382 904 3448 laudanda
927 3383 996 3448 vita
1016 3386 1075 3467 est,
1098 3399 1196 3466 neque

192 3492 289 3553 porro
322 3470 476 3554 fugienda
508 3468 576 3533 vita
609 3471 672 3551 est,
709 3492 791 3552 quae
823 3471 985 3536 laudanda
1017 3475 1081 3555 est3
1117 3490 1197 3536 esse

192 3561 301 3620 autem
324 3557 487 3642 fugienda,
511 3557 539 3620 si
562 3561 647 3622 esset
670 3557 796 3623 misera.
833 3558 1095 3645 Quamobrem,
1119 3558 1175 3643 qui
