2408 4124
190 247 253 311 132
429 245 523 301 euro
541 245 658 301 unios
676 245 724 299 un
745 243 957 300 seruorum
1031 262 1041 287 ·.
1068 214 1118 277 --ὓ
1134 234 1156 271 r·

188 411 283 491 teque
305 430 371 473 non
398 427 579 494 cognomen
605 405 711 471 solum
739 405 877 470 Athenis
907 407 1116 494 deportasse,

142 510 145 531 ··
189 496 424 560 humanitatem
452 499 486 559 et
512 494 717 579 prudentiam
739 494 905 578 intellego.
951 494 996 559 Et
1024 501 1138 562 tamen
1161 531 1171 564 ·,

189 583 334 668 suspicor
371 582 491 646 eisdem
522 582 619 645 rebus
655 581 771 666 quibus
804 603 856 644 me
887 581 998 666 ipsum
1032 584 1163 650 interd·

187 669 717 821 gilvifflliiminweri'didami
743 667 984 821 ⁰⁰1¹i⁵⁰lali⁰til
1013 672 1122 772 maior
1150 702 1172 780 ιι»

188 781 204 823 e
243 778 367 822 mem
427 778 539 821 emus
620 777 696 820 eren
719 778 745 820 a.
811 777 932 820 uncau
966 780 1163 826 mersum..

153 863 169 911 2
188 843 269 910 mihi
292 844 330 908 de
349 780 513 910 senectuie
532 843 655 928 aliquid
673 843 713 908 ad
727 847 761 911 te
774 844 984 910 conscribere.
1017 845 1093 912 Hoc
1121 878 1164 905 ιιι

188 954 297 1017 onere,
329 933 414 1017 quod
437 931 519 997 mihi
545 952 714 998 commune
741 935 848 996 tecum
871 937 934 1016 est,
966 937 1025 998 aut
1052 935 1122 1000 iam
1151 961 1171 990 u

188 1020 295 1107 gentis
310 1024 367 1086 ant
381 1023 468 1087 certe
482 1019 688 1089 adventantis
703 1019 879 1085 senectutis
892 1023 925 1085 et
939 1024 972 1084 te
986 1025 1021 1086 et
1033 1044 1089 1088 me
1100 1023 1166 1088 eti¹

187 1111 295 1194 ipsum
317 1107 421 1174 levari
447 1109 536 1192 volo3
569 1107 631 1172 etsi
657 1111 691 1171 te
720 1107 850 1192 quidem
870 1106 905 1171 id
932 1108 1123 1176 mediceae
1150 1142 1160 1167 ι·

187 1197 314 1281 pienter
333 1196 417 1265 sicut
434 1197 544 1265 omnia
562 1200 595 1260 et
611 1194 696 1260 ferre
715 1199 749 1260 et
766 1196 910 1262 laturum
929 1217 1000 1260 esse
1014 1201 1107 1263 certo
1122 1198 1166 1263 sa·

188 1283 251 1350 Sed
273 1283 368 1369 mihi,
398 1306 472 1350 cum
500 1283 538 1348 de
565 1286 730 1348 senectute
752 1283 871 1349 vellem
898 1283 1023 1367 aliquid
1046 1287 1145 1351 scrib·
1202 1279 1204 1306 ²

187 1376 225 1437 tu
244 1372 434 1438 occurrebas
453 1372 569 1457 dignus
589 1393 626 1436 co
645 1392 786 1455 munere,
809 1393 872 1456 quo
891 1376 1028 1456 uterque
1045 1394 1129 1439 nos
1148 1401 1165 1429 ι,

188 1460 402 1526 communiter
423 1463 577 1524 uteretur.
613 1458 695 1523 Mihi
717 1458 849 1544 ¹quidem
870 1459 919 1523 ita
940 1459 1085 1525 iucunda
1102 1461 1176 1528 huc.

187 1549 264 1614 libri
291 1547 450 1613 confectio
477 1547 554 1632 fuit,
585 1552 709 1612 utnon
735 1547 831 1612 modo
864 1568 974 1611 omnes
1003 1548 1144 1614 absters
1173 1579 1177 1602 τ

188 1636 363 1702 senectutis
395 1636 575 1719 molestias,
611 1635 668 1700 sed
701 1634 842 1700 effecerit
868 1635 1002 1700 mollem
1030 1637 1134 1702 etiem
1162 1681 1165 1689 «

188 1725 360 1790 ineundam
390 1727 597 1790 senectutem.
646 1721 833 1808 Numquam
861 1722 963 1808 igitur
991 1723 1093 1810 digne

187 1813 313 1877 laudari
326 1812 536 1898 philosophie
553 1811 684 1897 poterit,
706 1811 758 1877 cui
781 1811 836 1895 qui
855 1813 983 1897 pareat,
1002 1833 1102 1877 omne
1119 1817 1173 1879 te'

152 1900 492 2054 russeus
506 1898 953 2072 detrusurus
973 1896 1160 2054 ..tlt

942 2035 951 2070 ’
1148 2020 1161 2045 l}

187 2077 228 2141 ed
245 2079 279 2140 te
300 2076 339 2139 de
357 2080 521 2142 senectute
539 2075 695 2140 misimus.
727 2073 863 2139 Omnem
882 2077 992 2141 autem
1010 2096 1152 2142 sermon
1174 2093 1175 2096 ’

186 2163 361 2228 tribuimus
388 2183 454 2228 non
477 2162 632 2246 Tithono,
659 2166 696 2228 ut
717 2161 831 2227 Aristo
854 2160 931 2228 (lius
955 2159 1090 2253 (parum
1113 2187 1143 2230 οι
1177 2181 1181 2205 ⁸

188 2254 274 2315 esset
299 2250 504 2334 auctoritatis
526 2251 561 2314 in
582 2248 718 2336 fabula),
741 2248 797 2316 sed
819 2249 862 2315 M.
886 2247 1006 2317 Octoni
1028 2252 1111 2337 seni,
1133 2270 1180 2336 qu
1203 2323 1204 2328 ,

187 2337 344 2403 maiorem
364 2337 592 2417 auctoritatem
605 2339 742 2403 heberet
758 2337 878 2421 oratio;
900 2338 986 2424 apud
1005 2360 1107 2423 quem
1120 2340 1181 2406 La

186 2425 267 2490 lium
291 2430 323 2491 et
346 2423 529 2512 Scipionem
550 2425 687 2493 lecimus
715 2425 927 2510 admirantes,
955 2427 1043 2511 quod
1070 2428 1101 2492 is
1129 2433 1182 2493 tau

185 2512 281 2580 facile
300 2518 498 2583 senectutem
509 2514 605 2602 feret,
622 2515 732 2599 eisque
751 2534 824 2579 eum
841 2514 1104 2598 respondentem.
1143 2523 1177 2569 ἰ

187 2603 216 2669 si
239 2603 395 2672 eruditius
417 2603 579 2669 videbitur
607 2603 786 2687 disputare,
813 2623 910 2687 quam
932 2604 1105 2670 consuerit
1126 2605 1184 2690 ipu

186 2691 222 2756 in
244 2692 311 2757 suis
334 2691 437 2776 libris,
459 2690 632 2756 attribuito
655 2690 777 2754 litteris
798 2687 939 2774 Graccis,
963 2711 1104 2773 quarum
1124 2713 1184 2759 eon

187 2781 255 2842 stat
278 2800 351 2843 eum
373 2776 613 2862 perstudiosum
634 2775 735 2841 fuisse
757 2777 792 2842 in
815 2780 988 2843 senectute.
1030 2775 1096 2844 Sed
1121 2777 1185 2866 quid

187 2885 269 2949 opus
292 2869 342 2929 est
364 2865 481 2949 plure‘?
511 2863 583 2929 Iam
612 2863 698 2929 enim
723 2864 826 2950 ipsius
849 2863 983 2933 Catonis
1007 2887 1119 2933 sermo
1147 2888 1186 2934 ex·

186 2952 324 3038 plicabit
345 2955 492 3017 nostram
516 2973 644 3017 omnem
667 2952 705 3017 de
728 2955 893 3023 senectute
916 2953 1126 3022 sententium.

147 3009 169 3134 Ξ
252 3038 359 3106 Some.
402 3037 660 3125 Saepenumero
688 3039 842 3110 admirari
864 3041 954 3108 soleo
977 3063 1051 3108 cum
1074 3040 1188 3110 hecil

186 3126 298 3195 Laelio
326 3148 398 3193 cnm
429 3131 609 3193 ceterarum
638 3149 746 3195 rerum
777 3131 869 3197 tuam
902 3128 1134 3218 excellentem,
1155 3127 1189 3197 ld

186 3213 279 3299 (leto,
301 3214 541 3299 perfectamque
560 3215 762 3301 sapientiam,
779 3219 851 3284 turn
868 3217 922 3283 vel
939 3217 1092 3303 maxime,
1112 3216 1190 3306 quoi

185 3324 363 3386 numquam
384 3303 447 3368 tibi
468 3306 664 3371 senectutem
684 3326 816 3390 gravem
835 3326 905 3372 esse
924 3305 1093 3392 senserim,
1115 3328 1189 3393 quae

185 3389 350 3476 plerisque
377 3391 507 3457 senibus
535 3392 581 3465 sio
608 3392 719 3461 odiosa
747 3397 809 3477 est,
841 3397 879 3459 nt
910 3415 991 3460 onus
1021 3414 1057 3459 se
1085 3394 1189 3463 Aetne

187 3479 319 3563 gravius
343 3479 451 3545 dicant
474 3480 640 3546 sustinere.

252 3566 340 3635 Ono.
380 3567 462 3634 Rem
485 3568 571 3635 haud
594 3590 671 3635 sene
699 3567 876 3655 difficilem,
904 3567 1011 3656 Scipio
1036 3574 1069 3635 et
1093 3571 1190 3656 Laeli,
