2394 4126
357 234 431 291 oAP.
451 242 475 306 a,
494 243 520 292 4.
552 243 567 303 e
587 243 682 293 r-ra.
952 239 1016 304 135

14 400 90 482 quia
112 397 313 463 conscientia
335 397 416 462 bene
442 401 530 463 actae
560 399 647 463 vitae
674 398 915 481 multorumque
940 401 1022 465 bene

12 485 177 551 factorum
200 485 382 550 recordatio
405 485 637 552 iucundissima
664 490 723 550 est.
767 485 841 570 Ego
865 483 902 560 Q.
922 463 1073 587 Marri-‘140

10 595 109 656 mum,
137 595 211 637 eum
231 573 285 657 qui
299 572 475 638 Tarentum
497 574 628 659 recepit,
647 595 756 638 senem
770 574 957 638 adulescens
975 574 1023 638 ita

10 661 111 726 dilexi
149 665 187 726 ut
214 662 398 744 aequalem3
426 661 605 725 eratenim
633 662 666 726 in
688 662 747 727 illo
774 662 845 728 viro
870 660 1023 726 comitate

10 711 145 815 condida
159 748 315 832 gravitas,
333 770 392 814 nec
411 753 557 814 senectus
576 771 682 814 mores
697 754 893 834 mutaverat3
914 771 1023 832 quam-

10 857 110 921 quam
136 858 210 900 eum
235 837 339 901 colere
363 837 454 920 coepi
475 858 542 901 non
565 837 737 902 admodum
760 838 917 923 grandem
934 840 1023 918 natu,

10 925 68 989 red
94 928 211 988 tamen
238 924 304 988 iam
334 927 442 987 aetate
468 928 666 1007 provectum.
711 925 806 991 Anno
833 925 920 991 enim
946 928 1023 1010 post

10 1012 128 1077 consul
152 1011 293 1095 primum
316 1011 432 1094 fuerat,
456 1034 553 1095 quam
576 1033 637 1097 ego
659 1017 756 1077 natus
779 1035 864 1098 sum,
887 1034 1022 1097 cumque

9 1121 48 1164 eo
75 1103 231 1182 quartum
255 1099 387 1164 consule
409 1099 669 1165 adulescentulus
692 1102 786 1166 miles
813 1101 855 1167 ad
877 1100 1023 1186 Capuam

10 1186 180 1272 profectus
217 1209 290 1251 sum
323 1187 499 1271 quintoque
532 1210 616 1253 anno
648 1193 724 1273 post
758 1190 799 1254 ad
835 1188 1021 1255 Tarentum.

10 1274 175 1350 Quaestor
198 1275 311 1339 deinde
340 1275 550 1361 quadriennio
577 1280 653 1360 post
674 1276 781 1342 factus
809 1299 894 1359 sum,
926 1299 1022 1361 quem

10 1362 246 1448 magistratum
279 1363 365 1447 gessi
397 1364 583 1428 consulibus
616 1363 778 1430 Tuditano
808 1368 840 1429 et
868 1363 1023 1450 Cethego,

10 1472 84 1516 cnm
105 1450 234 1533 quidem
252 1450 309 1513 illo
333 1451 505 1515 admodum
529 1461 626 1515 senex·
649 1473 763 1517 suasor
785 1452 868 1536 legis
892 1451 1022 1517 Cinciae

9 1537 50 1603 de
74 1537 170 1601 donis
194 1541 227 1601 et
250 1537 436 1601 muneribus
458 1537 531 1600 fuit.
575 1537 639 1602 Hic
662 1542 695 1602 et
717 1538 806 1603 bella
828 1540 964 1621 gerebat
985 1541 1023 1601 ut

10 1626 218 1708 adulescens,
246 1646 320 1688 cum
342 1624 439 1706 plane
463 1622 595 1707 grandis
618 1627 717 1706 esset,
745 1628 778 1687 et
804 1623 1023 1689 Hannibalem
1069 1693 1071 1697 ,

10 1712 200 1778 iuveniliter
221 1711 420 1776 exultantem
439 1709 599 1792 patientia
617 1731 676 1774 sua
694 1710 878 1794 molliebat3
901 1711 940 1776 de
959 1732 1022 1794 quo

10 1801 180 1886 praeclare
202 1797 374 1863 familiaris
397 1800 509 1861 noster
530 1795 673 1861 Ennius:

52 1887 165 1952 Unus
187 1885 303 1948 homo
325 1884 443 1948 nobis
467 1884 683 1949 cunctando
706 1885 886 1949 restituit
908 1907 996 1950 rem.

53 1973 232 2038 Noenum
255 1991 431 2037 rumores
453 1971 628 2055 ponebat
650 1976 741 2037 ante
765 1971 938 2038 salutern.

54 2059 164 2144 Ergo
200 2061 371 2143 postque
407 2060 610 2145 magisque
646 2060 721 2126 viri
757 2081 855 2125 nunc
895 2061 1022 2147 gloria

753 2148 887 2214 claret.

10 2236 189 2302 Tarentum
212 2255 289 2300 vero
318 2255 382 2319 qua
409 2235 595 2320 vigilantia,
628 2258 691 2320 quo
719 2236 855 2302 consilio
885 2237 1022 2323 recepit!
1041 2251 1071 2300 11
1174 2238 1177 2243 ’

10 2345 85 2390 cum
109 2322 239 2407 quidem
266 2344 317 2386 ma
346 2322 495 2387 audiente
519 2321 709 2408 Salinatori,
738 2325 794 2408 qui
822 2324 942 2390 amisso
966 2348 1021 2411 op·

10 2411 88 2527 pido
120 2409 251 2495 fugerat
282 2409 318 2473 in
345 2431 464 2492 arcem,
497 2411 653 2494 glorianti
681 2415 778 2494 atqua
809 2410 858 2475 ita
889 2412 1021 2476 dicenti:

23 2499 108 2563 Mea
121 2519 251 2582 opera,
265 2495 419 2579 arabi,
433 2495 640 2560 Tarentum
653 2497 862 2581 recepisti':
876 2497 1022 2579 ‘Certe',

13 2586 119 2670 inquit
140 2585 263 2668 ridens,
292 2584 389 2648 ‘nam
412 2583 491 2646 nisi
513 2587 554 2647 tu
577 2583 791 2666 amisisses,
818 2604 1021 2669 numquam

14 2671 266 2758 recepissem?
312 2670 381 2736 Nec
404 2692 480 2735 vero
503 2670 538 2734 in
561 2671 660 2735 armis
682 2670 902 2755 praestantior
923 2692 1021 2755 quam

13 2762 46 2826 in
69 2765 162 2847 toga3
186 2760 242 2844 qui
264 2760 377 2824 consul
399 2759 519 2823 iterum
542 2755 596 2843 Sp.
619 2757 761 2824 Carvilio
784 2759 912 2844 collega
935 2759 1021 2844 quie

14 2852 122 2914 scente
141 2847 176 2913 C.
188 2846 350 2911 Flaminio
365 2846 496 2911 tribuno
515 2847 630 2931 plebis,
645 2847 752 2931 quoad
765 2847 884 2933 potuit,
897 2847 1022 2912 restitit

14 2958 128 3022 agrum
155 2935 321 3000 Picentem
349 2938 394 2998 et·
410 2933 572 2999 Gallicum
599 2934 723 3000 viritim
750 2940 865 3001 contra
888 2940 1020 3001 senatus

14 3023 242 3089 auctoritatem
272 3021 440 3107 dividenti,
481 3044 646 3108 augurque
679 3046 752 3088 cum
784 3027 883 3107 esset,
916 3024 1020 3089 dicere

13 3133 110 3176 ausus
139 3115 189 3174 eat
216 3109 375 3194 optimis
404 3109 589 3195 auspiciis
622 3132 665 3174 ea
697 3111 795 3197 geri,
828 3133 923 3195 quae
950 3133 1020 3196 pro

12 3199 68 3264 rei
105 3198 287 3282 publicae
318 3198 445 3262 salute
479 3200 720 3283 gererentur,
757 3220 851 3283 quae
886 3202 1022 3264 contra

12 3309 91 3351 rem
114 3286 310 3370 publicam
331 3284 541 3368 ferrentur,
565 3289 701 3350 contra
724 3286 899 3371 auspicia
916 3283 1020 3347 ferri.

11 3374 121 3438 Multa
142 3373 176 3437 in
199 3394 236 3438 eo
259 3372 330 3437 viro
353 3373 522 3457 praeclara
549 3373 699 3458 cognori3
728 3374 784 3438 sed
810 3372 893 3437 nihil
922 3367 1020 3432 admi-
1041 3384 1074 3432 ra

12 3460 165 3544 rabilius,
184 3481 281 3544 quam
300 3481 363 3543 quo
387 3460 483 3525 modo
502 3460 557 3524 ille
578 3465 716 3526 mortem
739 3461 800 3524 filii
826 3456 916 3537 tulit,
940 3454 1021 3519 clari

12 3549 76 3615 viri
99 3551 133 3613 et
151 3548 338 3614 consularis.
370 3547 432 3611 Est
445 3547 480 3612 in
494 3548 643 3614 manibus
657 3548 812 3628 laudatio,
831 3564 930 3628 quam
948 3565 1021 3608 cum
