2394 4126
164 218 227 283 198
569 213 770 268 PARADOXA

162 402 201 444 ex
219 379 428 465 philosophia
445 380 586 441 tractare
601 375 815 440 abhorrentes
834 375 875 439 ab
894 375 957 440 hoc
974 397 1039 440 usu
1053 375 1159 442 :fora¹

163 473 197 532 et
218 467 358 553 public0,
381 466 438 530 sed
461 463 592 529 dicendo
617 464 771 547 consequi
792 468 913 546 tamen,
936 467 973 527 ut
994 464 1056 529 illa
1074 469 1166 529 etiae»

128 573 144 620 2
163 557 283 640 populo
307 553 491 640 probabilia
512 551 707 616 viderentur.
751 549 843 627 Quod
867 572 904 615 eo
929 552 1034 616 maius
1054 557 1104 617 est
1120 550 1163 617 illi

154 666 262 727 quam
285 647 343 708 aut
363 642 427 706 tibi
447 642 503 704 aut
521 639 625 722 nobis
645 639 722 722 quia
738 661 798 704 nos
818 661 856 704 ea
873 638 1086 725 philosophia
1098 641 1162 726 plus

163 733 294 814 utimur,
317 751 399 813 quae
421 727 547 811 peperit
570 727 695 791 dicendi
718 728 854 811 copiam,
878 731 912 791 ct
929 728 965 793 in
982 751 1048 812 qua
1067 729 1159 794 dicun·

164 826 218 884 tur
242 842 292 902 ea,
316 838 397 900 quae
420 836 485 879 non
508 816 648 880 multum
672 815 855 899 discrepent
877 816 919 880 ab
944 816 1096 901 opinione
1115 839 1159 901 po

163 909 281 992 pulari,
303 903 385 968 Cato
409 906 531 987 autem,
563 903 725 987 perfectus
748 925 821 967 mea
844 904 1008 969 sententia
1036 903 1157 984 Stoicus,

164 1001 198 1059 et
220 1017 258 1058 ea
281 992 393 1072 sentit,
422 1013 504 1074 quae
531 1013 598 1056 non
621 1013 698 1056 sane
720 993 902 1076 probantur
924 993 959 1055 in
981 993 1112 1078 volgus,
1133 996 1158 1056 et

163 1084 198 1147 in
221 1103 259 1145 ea
282 1083 332 1143 est
350 1079 490 1163 haeresi,
514 1101 595 1162 quae
612 1080 741 1144 nullum
760 1080 905 1164 sequitur
923 1080 1038 1145 florem
1059 1080 1170 1146 oratio

163 1170 214 1233 nis
237 1189 341 1250 neque
365 1168 482 1231 dilatat
505 1171 742 1254 argumentum,
765 1168 901 1233 minutis
924 1168 1157 1254 interrogatiun-

129 1276 145 1324 3
165 1256 246 1322 culis
270 1256 364 1339 quasi
387 1256 526 1340 punctis»,
549 1256 635 1339 quod
657 1257 837 1340 proposuit,
860 1256 968 1321 efficit.
1007 1256 1071 1323 Sed
1092 1254 1157 1321 nihil

164 1349 215 1409 est
237 1349 308 1409 tam
329 1344 531 1427 incredibile,
559 1344 645 1427 quod
666 1366 733 1409 non
756 1345 889 1410 dicendo
912 1345 972 1409 fiat
995 1344 1157 1430 probabile,

163 1433 246 1498 nihil
268 1437 338 1497 tam
365 1432 547 1514 horridum,
578 1436 648 1496 tam
670 1433 843 1514 incultum,
872 1433 959 1516 quod
981 1456 1049 1498 non
1070 1434 1157 1519 splen·

164 1523 275 1587 descat
298 1522 445 1586 oratione
468 1524 501 1586 et
523 1526 692 1604 tamquam
715 1523 889 1586 excolatur.
927 1520 1021 1597 Quod
1038 1545 1108 1588 cum
1122 1520 1157 1583 ita

163 1615 327 1696 putarem,
349 1610 412 1675 feci
435 1610 536 1675 etiam
559 1610 710 1674 audacius
735 1632 833 1693 quarn
855 1610 912 1673 ille
935 1611 1019 1695 ipsc,
1047 1611 1086 1675 de
1106 1627 1154 1694 quo
1176 1613 1179 1652 ἵ

164 1700 291 1784 loquor.
335 1697 418 1764 (lato
442 1699 528 1762 enim
552 1698 721 1762 dumtaxat
748 1698 787 1762 de
814 1699 1040 1784 magnitudine
1067 1695 1158 1778 animi,

165 1788 204 1851 de
227 1787 440 1869 continentia,
464 1785 502 1850 de
526 1790 644 1867 morte,
672 1787 711 1850 de
734 1786 823 1850 omni
846 1786 941 1850 laude
964 1787 1108 1870 virtutis,
1129 1783 1158 1848 de

165 1875 214 1939 dis
237 1874 476 1957 inmortalibus,
499 1874 539 1938 de
562 1874 699 1938 caritate
722 1875 848 1958 patriae
872 1872 980 1940 Stoice
1004 1877 1088 1941 solet
1104 1893 1158 1938 ora

164 1963 259 2028 toriis
282 1963 482 2028 ornamentis
506 1962 661 2027 adhibitis
686 1962 803 2045 dicere,
831 1984 893 2048 ego
919 1963 983 2027 tibi
1010 1964 1070 2029 illa
1093 1963 1158 2047 ipss,
1192 2017 1194 2020 ,

166 2074 248 2135 quae
271 2051 325 2117 vix
347 2052 383 2115 in
405 2050 584 2136 gymnasiis
607 2055 640 2114 et
667 2050 702 2114 in
729 2052 796 2115 otio
820 2048 922 2115 Stoici
944 2053 1098 2136 probant,
1124 2049 1184 2112 ln·²⁰

130 2141 244 2203 ndens
276 2140 399 2204 conieci
435 2141 469 2201 in
502 2160 687 2202 communes
719 2140 817 2202 locos.
867 2137 957 2214 Quae
994 2140 1070 2224 quia
1099 2137 1160 2203 sunt

166 2227 373 2290 admirabilia
406 2229 584 2308 contraque
616 2225 801 2309 opinionem
834 2228 979 2291 omnium
1013 2229 1069 2310 [ab
1094 2223 1159 2312 ipsis

166 2315 265 2380 etiam
283 2311 455 2394 παράδοξα
473 2312 704 2396 appellanturl,
722 2316 884 2398 temptare
898 2316 989 2380 volui
1002 2318 1160 2401 possentne

167 2403 306 2488 proferri
328 2403 362 2466 in
385 2402 491 2466 lucem
524 2401 643 2482 [idest
670 2401 705 2466 in
732 2402 852 2482 forum]
858 2453 867 2486 ,
896 2408 929 2468 et
956 2405 1004 2468 ita
1032 2405 1106 2487 dici,
1133 2401 1162 2464 ut

165 2493 395 2577 probarentur,
423 2513 465 2556 an
488 2490 554 2556 alia
582 2491 739 2575 quaedam
763 2495 849 2556 esset
871 2492 1012 2575 erudita,
1036 2493 1100 2558 alia
1119 2492 1188 2575 po¹⁵

166 2583 290 2665 pularis
315 2581 430 2665 oratio,
454 2603 555 2664 eoque
577 2581 638 2647 hos
658 2582 746 2645 locos
774 2580 890 2664 scripsi
908 2580 1073 2665 libentius,
1092 2573 1164 2665 quod

166 2670 248 2732 mihi
269 2670 336 2734 ista
358 2667 530 2751 παράδοξα
553 2691 636 2751 quae
664 2669 833 2752 appellant
860 2669 1000 2734 maxime
1027 2670 1165 2734 videntur

130 2773 147 2820 s
167 2778 237 2820 esse
252 2754 417 2820 Socratica
439 2757 601 2839 longeque
618 2756 796 2819 verissima.
828 2757 978 2842 Accipies
996 2757 1099 2844 igitur
1114 2756 1166 2821 hoo

166 2864 304 2927 parvum
314 2843 507 2926 opuseulum
523 2842 731 2905 lucubratum
748 2841 800 2905 his
819 2843 885 2907 iarn
905 2845 1166 2911 contractioribus

166 2929 326 3011 noctibus,
350 2929 502 3011 quoniam
520 2923 603 2991 illud
621 2928 781 2993 maiorum
799 2932 988 3016 vigiliarum
1006 2955 1122 3000 munus
1139 2931 1195 2995 ine

166 3024 223 3082 tuo
250 3015 381 3080 nomine
413 3016 579 3101 apparuit,
611 3021 644 3081 et
672 3017 863 3102 degustabis
897 3042 998 3106 genus
1027 3022 1171 3088 exercita·

166 3107 294 3170 tionum
318 3126 438 3184 earum,
462 3102 578 3186 quibus
601 3105 651 3167 uti
674 3108 835 3189 consuevi,
858 3131 931 3172 cum
955 3133 1002 3193 ea,
1027 3133 1109 3195 quae
1133 3107 1172 3172 di·

167 3200 284 3260 cuntur
306 3195 341 3258 in
365 3191 484 3257 scholis
502 3193 654 3275 θετικῶς,
678 3193 719 3256 ad
741 3201 890 3260 nostrum
914 3198 976 3263 hoc
999 3199 1173 3263 oratorium

167 3284 330 3348 transfero
346 3280 471 3346 dicendi
489 3301 601 3366 genus.
632 3280 704 3346 Hoc
727 3288 838 3348 tamen
860 3307 942 3369 opus
960 3287 996 3350 in
1010 3291 1174 3372 acceptum

168 3376 204 3435 ut
227 3372 358 3451 referas,
380 3369 463 3433 nihil
482 3370 630 3454 postulo;
652 3392 718 3435 non
737 3372 823 3435 enim
838 3377 889 3437 est
902 3375 978 3456 tale,
1001 3376 1087 3440 utin
1106 3393 1191 3440 arce

167 3462 246 3542 poni
269 3462 373 3545 possit
398 3457 491 3540 quasi
513 3457 572 3522 illa
586 3457 733 3524 Minerva
754 3458 902 3545 Phidiae,
931 3463 987 3527 sed
1009 3467 1121 3528 tamen
1141 3464 1177 3526 ut

166 3568 207 3609 ex
231 3549 342 3614 eadem
366 3546 496 3613 officina
519 3545 622 3610 exisse
649 3552 813 3632 appareat.

595 3672 754 3682 ——...
