<?xml version="1.0" encoding="UTF-8"?>
<!DOCTYPE html PUBLIC "-//W3C//DTD XHTML 1.0 Transitional//EN"
    "http://www.w3.org/TR/xhtml1/DTD/xhtml1-transitional.dtd">
<html xmlns="http://www.w3.org/1999/xhtml" xml:lang="en" lang="en">
 <head>
  <title>
</title>
<meta http-equiv="Content-Type" content="text/html;charset=utf-8" />
  <meta name='ocr-system' content='tesseract 3.04.00' />
  <meta name='ocr-capabilities' content='ocr_page ocr_carea ocr_par ocr_line ocrx_word'/>
</head>
<body>
  <div class='ocr_page' id='page_1' title='image "./mtulliiciceroni43cicegoog/mtulliiciceroni43cicegoog_0067.png"; bbox 0 0 2394 4126; ppageno 0'>
   <div class='ocr_carea' id='block_1_1' title="bbox 141 225 840 294">
    <p class='ocr_par' dir='ltr' id='par_1_1' title="bbox 141 225 840 294">
     <span class='ocr_line' id='line_1_1' title="bbox 141 225 840 294; baseline -0.021 1"><span class='ocrx_word' id='word_1_1' title='bbox 141 230 204 294; x_wconf 89' lang='lat'><strong>190</strong></span> <span class='ocrx_word' id='word_1_2' title='bbox 248 288 251 294; x_wconf 93' lang='grc'>,</span> <span class='ocrx_word' id='word_1_3' title='bbox 437 226 590 282; x_wconf 78' lang='lat' dir='ltr'>LAELIUS</span> <span class='ocrx_word' id='word_1_4' title='bbox 607 225 656 281; x_wconf 87' lang='lat' dir='ltr'><strong>DE</strong></span> <span class='ocrx_word' id='word_1_5' title='bbox 675 225 840 281; x_wconf 84' lang='lat' dir='ltr'>AMICITIA</span> 
     </span>
    </p>
   </div>
   <div class='ocr_carea' id='block_1_2' title="bbox 69 387 1019 3641">
    <p class='ocr_par' dir='ltr' id='par_1_2' title="bbox 139 387 1019 828">
     <span class='ocr_line' id='line_1_2' title="bbox 139 387 1019 489; baseline -0.007 -34"><span class='ocrx_word' id='word_1_6' title='bbox 139 390 358 476; x_wconf 79' lang='lat' dir='ltr'>praeposteris</span> <span class='ocrx_word' id='word_1_7' title='bbox 391 388 477 454; x_wconf 89' lang='lat' dir='ltr'><strong>enim</strong></span> <span class='ocrx_word' id='word_1_8' title='bbox 508 389 630 452; x_wconf 87' lang='lat' dir='ltr'><strong>utimur</strong></span> <span class='ocrx_word' id='word_1_9' title='bbox 659 387 804 489; x_wconf 84' lang='lat' dir='ltr'><strong>consiliis</strong></span> <span class='ocrx_word' id='word_1_10' title='bbox 839 391 884 488; x_wconf 80' lang='lat' dir='ltr'><strong>et</strong></span> <span class='ocrx_word' id='word_1_11' title='bbox 907 391 977 487; x_wconf 73' lang='lat' dir='ltr'><strong>acte</strong></span> <span class='ocrx_word' id='word_1_12' title='bbox 1003 409 1019 450; x_wconf 89' lang='lat' dir='ltr'><strong>a</strong></span> 
     </span>
     <span class='ocr_line' id='line_1_3' title="bbox 139 474 1019 646; baseline -0.008 -14"><span class='ocrx_word' id='word_1_13' title='bbox 139 474 1019 646; x_wconf 54' lang='lat' dir='ltr'><strong>{tttltfflttulsstzlualterutri</strong></span> 
     </span>
     <span class='ocr_line' id='line_1_4' title="bbox 139 651 1019 736; baseline -0.007 -16"><span class='ocrx_word' id='word_1_14' title='bbox 139 655 245 720; x_wconf 91' lang='lat' dir='ltr'><strong>medio</strong></span> <span class='ocrx_word' id='word_1_15' title='bbox 277 675 373 720; x_wconf 90' lang='lat' dir='ltr'><strong>cursu</strong></span> <span class='ocrx_word' id='word_1_16' title='bbox 404 651 564 717; x_wconf 74' lang='lat' dir='ltr'><strong>amicitias</strong></span> <span class='ocrx_word' id='word_1_17' title='bbox 594 655 707 717; x_wconf 84' lang='lat' dir='ltr'><strong>exorta</strong></span> <span class='ocrx_word' id='word_1_18' title='bbox 734 652 845 736; x_wconf 84' lang='lat' dir='ltr'><strong>aliqua</strong></span> <span class='ocrx_word' id='word_1_19' title='bbox 877 651 1019 716; x_wconf 80' lang='lat' dir='ltr'><strong>offensior</strong></span> 
     </span>
     <span class='ocr_line' id='line_1_5' title="bbox 139 743 328 828; baseline -0.011 -21"><span class='ocrx_word' id='word_1_20' title='bbox 139 743 328 828; x_wconf 77' lang='lat' dir='ltr'><strong>rumpimus.</strong></span> 
     </span>
    </p>

    <p class='ocr_par' dir='ltr' id='par_1_3' title="bbox 86 803 1019 1707">
     <span class='ocr_line' id='line_1_6' title="bbox 86 803 1019 930; baseline -0.006 -35"><span class='ocrx_word' id='word_1_21' title='bbox 86 803 130 930; x_wconf 57' lang='lat' dir='ltr'><strong>{gl</strong></span> <span class='ocrx_word' id='word_1_22' title='bbox 207 831 277 906; x_wconf 78' lang='lat' dir='ltr'><strong>Quo</strong></span> <span class='ocrx_word' id='word_1_23' title='bbox 301 829 400 893; x_wconf 89' lang='lat' dir='ltr'><strong>etiam</strong></span> <span class='ocrx_word' id='word_1_24' title='bbox 423 829 529 914; x_wconf 82' lang='lat' dir='ltr'><strong>magis</strong></span> <span class='ocrx_word' id='word_1_25' title='bbox 552 828 767 913; x_wconf 84' lang='lat' dir='ltr'><strong>vituperanda</strong></span> <span class='ocrx_word' id='word_1_26' title='bbox 789 827 909 892; x_wconf 88' lang='lat' dir='ltr'><strong>estrei</strong></span> <span class='ocrx_word' id='word_1_27' title='bbox 931 826 1019 890; x_wconf 76' lang='lat' dir='ltr'><strong>maxi</strong></span> 
     </span>
     <span class='ocr_line' id='line_1_7' title="bbox 140 914 1019 984; baseline -0.008 0"><span class='ocrx_word' id='word_1_28' title='bbox 140 917 297 984; x_wconf 85' lang='lat' dir='ltr'><strong>cessariae</strong></span> <span class='ocrx_word' id='word_1_29' title='bbox 328 919 423 981; x_wconf 84' lang='lat' dir='ltr'><strong>tanta</strong></span> <span class='ocrx_word' id='word_1_30' title='bbox 453 916 587 981; x_wconf 89' lang='lat' dir='ltr'><strong>incuria.</strong></span> <span class='ocrx_word' id='word_1_31' title='bbox 631 914 707 980; x_wconf 82' lang='lat' dir='ltr'><strong>Une</strong></span> <span class='ocrx_word' id='word_1_32' title='bbox 738 920 788 980; x_wconf 89' lang='lat' dir='ltr'><strong>est</strong></span> <span class='ocrx_word' id='word_1_33' title='bbox 820 915 905 979; x_wconf 90' lang='lat' dir='ltr'><strong>enim</strong></span> <span class='ocrx_word' id='word_1_34' title='bbox 936 914 1019 979; x_wconf 89' lang='lat' dir='ltr'><strong>amic:</strong></span> 
     </span>
     <span class='ocr_line' id='line_1_8' title="bbox 138 1003 1019 1088; baseline -0.005 -18"><span class='ocrx_word' id='word_1_35' title='bbox 138 1006 234 1070; x_wconf 89' lang='lat' dir='ltr'><strong>rebus</strong></span> <span class='ocrx_word' id='word_1_36' title='bbox 257 1003 418 1088; x_wconf 84' lang='lat' dir='ltr'><strong>humanis,</strong></span> <span class='ocrx_word' id='word_1_37' title='bbox 441 1003 480 1069; x_wconf 92' lang='lat' dir='ltr'><strong>de</strong></span> <span class='ocrx_word' id='word_1_38' title='bbox 502 1004 592 1069; x_wconf 90' lang='lat' dir='ltr'><strong>cuius</strong></span> <span class='ocrx_word' id='word_1_39' title='bbox 615 1003 760 1069; x_wconf 90' lang='lat' dir='ltr'><strong>utilitate</strong></span> <span class='ocrx_word' id='word_1_40' title='bbox 784 1025 895 1068; x_wconf 90' lang='lat' dir='ltr'><strong>omnes</strong></span> <span class='ocrx_word' id='word_1_41' title='bbox 913 1024 977 1067; x_wconf 92' lang='lat' dir='ltr'><strong>uno</strong></span> <span class='ocrx_word' id='word_1_42' title='bbox 997 1025 1019 1067; x_wconf 90' lang='lat' dir='ltr'><strong>o:</strong></span> 
     </span>
     <span class='ocr_line' id='line_1_9' title="bbox 138 1090 1019 1176; baseline -0.003 -19"><span class='ocrx_word' id='word_1_43' title='bbox 138 1091 292 1157; x_wconf 88' lang='lat' dir='ltr'><strong>sentiunt.</strong></span> <span class='ocrx_word' id='word_1_44' title='bbox 324 1090 528 1176; x_wconf 82' lang='lat' dir='ltr'><strong>Quamquam</strong></span> <span class='ocrx_word' id='word_1_45' title='bbox 544 1114 565 1157; x_wconf 86' lang='lat' dir='ltr'><strong>a</strong></span> <span class='ocrx_word' id='word_1_46' title='bbox 587 1092 699 1157; x_wconf 89' lang='lat' dir='ltr'><strong>multis</strong></span> <span class='ocrx_word' id='word_1_47' title='bbox 718 1092 822 1158; x_wconf 88' lang='lat' dir='ltr'><strong>virtus</strong></span> <span class='ocrx_word' id='word_1_48' title='bbox 840 1091 912 1174; x_wconf 90' lang='lat' dir='ltr'><strong>ipsa</strong></span> <span class='ocrx_word' id='word_1_49' title='bbox 927 1094 1019 1156; x_wconf 89' lang='lat' dir='ltr'><strong>conte</strong></span> 
     </span>
     <span class='ocr_line' id='line_1_10' title="bbox 138 1178 1019 1264; baseline -0.003 -20"><span class='ocrx_word' id='word_1_50' title='bbox 138 1183 171 1244; x_wconf 89' lang='lat' dir='ltr'><strong>et</strong></span> <span class='ocrx_word' id='word_1_51' title='bbox 193 1178 372 1245; x_wconf 71' lang='lat' dir='ltr'><strong>venditatio</strong></span> <span class='ocrx_word' id='word_1_52' title='bbox 401 1180 559 1264; x_wconf 84' lang='lat' dir='ltr'><strong>quaedam</strong></span> <span class='ocrx_word' id='word_1_53' title='bbox 586 1184 684 1264; x_wconf 90' lang='lat' dir='ltr'><strong>atque</strong></span> <span class='ocrx_word' id='word_1_54' title='bbox 711 1180 887 1244; x_wconf 84' lang='lat' dir='ltr'><strong>ostentatio</strong></span> <span class='ocrx_word' id='word_1_55' title='bbox 918 1201 987 1243; x_wconf 89' lang='lat' dir='ltr'><strong>esse</strong></span> <span class='ocrx_word' id='word_1_56' title='bbox 1014 1203 1019 1239; x_wconf 65' lang='lat'><strong>⁴</strong></span> 
     </span>
     <span class='ocr_line' id='line_1_11' title="bbox 137 1267 1018 1353; baseline -0.002 -21"><span class='ocrx_word' id='word_1_57' title='bbox 137 1267 233 1332; x_wconf 89' lang='lat' dir='ltr'><strong>multi</strong></span> <span class='ocrx_word' id='word_1_58' title='bbox 256 1267 387 1333; x_wconf 87' lang='lat' dir='ltr'><strong>divitias</strong></span> <span class='ocrx_word' id='word_1_59' title='bbox 410 1268 600 1353; x_wconf 85' lang='lat' dir='ltr'><strong>despiciunt,</strong></span> <span class='ocrx_word' id='word_1_60' title='bbox 624 1288 704 1352; x_wconf 91' lang='lat' dir='ltr'><strong>quos</strong></span> <span class='ocrx_word' id='word_1_61' title='bbox 726 1289 828 1353; x_wconf 85' lang='lat' dir='ltr'><strong>parvo</strong></span> <span class='ocrx_word' id='word_1_62' title='bbox 849 1271 1018 1332; x_wconf 86' lang='lat' dir='ltr'><strong>contentos</strong></span> 
     </span>
     <span class='ocr_line' id='line_1_12' title="bbox 137 1356 1019 1441; baseline -0.002 -19"><span class='ocrx_word' id='word_1_63' title='bbox 137 1356 242 1422; x_wconf 88' lang='lat' dir='ltr'><strong>victus</strong></span> <span class='ocrx_word' id='word_1_64' title='bbox 266 1356 436 1441; x_wconf 89' lang='lat' dir='ltr'><strong>cultusque</strong></span> <span class='ocrx_word' id='word_1_65' title='bbox 459 1356 612 1440; x_wconf 82' lang='lat' dir='ltr'><strong>delectat3</strong></span> <span class='ocrx_word' id='word_1_66' title='bbox 634 1356 774 1422; x_wconf 89' lang='lat' dir='ltr'><strong>honores</strong></span> <span class='ocrx_word' id='word_1_67' title='bbox 794 1377 880 1437; x_wconf 88' lang='lat' dir='ltr'><strong>vero,</strong></span> <span class='ocrx_word' id='word_1_68' title='bbox 904 1377 1019 1438; x_wconf 88' lang='lat' dir='ltr'><strong>quorur</strong></span> 
     </span>
     <span class='ocr_line' id='line_1_13' title="bbox 138 1443 1019 1530; baseline -0.001 -21"><span class='ocrx_word' id='word_1_69' title='bbox 138 1445 240 1510; x_wconf 87' lang='lat' dir='ltr'><strong>ditate</strong></span> <span class='ocrx_word' id='word_1_70' title='bbox 264 1444 396 1530; x_wconf 88' lang='lat' dir='ltr'><strong>quidam</strong></span> <span class='ocrx_word' id='word_1_71' title='bbox 417 1444 676 1528; x_wconf 84' lang='lat' dir='ltr'><strong>inflammantur,</strong></span> <span class='ocrx_word' id='word_1_72' title='bbox 700 1466 797 1528; x_wconf 89' lang='lat' dir='ltr'><strong>quam</strong></span> <span class='ocrx_word' id='word_1_73' title='bbox 816 1443 912 1508; x_wconf 91' lang='lat' dir='ltr'><strong>multi</strong></span> <span class='ocrx_word' id='word_1_74' title='bbox 934 1444 1019 1508; x_wconf 86' lang='lat' dir='ltr'><strong>itae</strong></span> 
     </span>
     <span class='ocr_line' id='line_1_14' title="bbox 137 1519 1019 1618; baseline -0.005 -20"><span class='ocrx_word' id='word_1_75' title='bbox 137 1537 233 1618; x_wconf 86' lang='lat' dir='ltr'><strong>nunt,</strong></span> <span class='ocrx_word' id='word_1_76' title='bbox 264 1519 406 1599; x_wconf 81' lang='lat' dir='ltr'><strong>ut&#39;nihil</strong></span> <span class='ocrx_word' id='word_1_77' title='bbox 432 1533 575 1617; x_wconf 86' lang='lat' dir='ltr'><strong>inanius,</strong></span> <span class='ocrx_word' id='word_1_78' title='bbox 603 1532 686 1597; x_wconf 90' lang='lat' dir='ltr'><strong>nihil</strong></span> <span class='ocrx_word' id='word_1_79' title='bbox 714 1553 785 1597; x_wconf 89' lang='lat' dir='ltr'><strong>esse</strong></span> <span class='ocrx_word' id='word_1_80' title='bbox 811 1531 915 1597; x_wconf 84' lang='lat' dir='ltr'><strong>levius</strong></span> <span class='ocrx_word' id='word_1_81' title='bbox 945 1532 1019 1596; x_wconf 81' lang='lat' dir='ltr'><strong>exist</strong></span> 
     </span>
     <span class='ocr_line' id='line_1_15' title="bbox 137 1620 1018 1707; baseline -0.003 -21"><span class='ocrx_word' id='word_1_82' title='bbox 137 1623 280 1706; x_wconf 85' lang='lat' dir='ltr'><strong>itemque</strong></span> <span class='ocrx_word' id='word_1_83' title='bbox 303 1625 418 1707; x_wconf 88' lang='lat' dir='ltr'><strong>cetera,</strong></span> <span class='ocrx_word' id='word_1_84' title='bbox 442 1643 524 1706; x_wconf 88' lang='lat' dir='ltr'><strong>quae</strong></span> <span class='ocrx_word' id='word_1_85' title='bbox 547 1621 741 1705; x_wconf 90' lang='lat' dir='ltr'><strong>quibusdam</strong></span> <span class='ocrx_word' id='word_1_86' title='bbox 762 1620 968 1685; x_wconf 84' lang='lat' dir='ltr'><strong>admirabilia</strong></span> <span class='ocrx_word' id='word_1_87' title='bbox 986 1621 1018 1684; x_wconf 85' lang='lat' dir='ltr'><strong>vi</strong></span> 
     </span>
    </p>

    <p class='ocr_par' dir='ltr' id='par_1_4' title="bbox 69 1708 1019 2232">
     <span class='ocr_line' id='line_1_16' title="bbox 69 1708 1019 1794; baseline -0.004 -19"><span class='ocrx_word' id='word_1_88' title='bbox 69 1716 74 1724; x_wconf 82' lang='grc'><em>“</em></span> <span class='ocrx_word' id='word_1_89' title='bbox 137 1710 293 1794; x_wconf 86' lang='lat' dir='ltr'><strong>permulti</strong></span> <span class='ocrx_word' id='word_1_90' title='bbox 316 1714 392 1775; x_wconf 88' lang='lat' dir='ltr'><strong>sunt</strong></span> <span class='ocrx_word' id='word_1_91' title='bbox 414 1710 470 1794; x_wconf 89' lang='lat' dir='ltr'><strong>qui</strong></span> <span class='ocrx_word' id='word_1_92' title='bbox 491 1731 552 1794; x_wconf 90' lang='lat' dir='ltr'><strong>pro</strong></span> <span class='ocrx_word' id='word_1_93' title='bbox 574 1709 678 1773; x_wconf 90' lang='lat' dir='ltr'><strong>nihilo</strong></span> <span class='ocrx_word' id='word_1_94' title='bbox 695 1712 827 1793; x_wconf 80' lang='lat' dir='ltr'><strong>putent3</strong></span> <span class='ocrx_word' id='word_1_95' title='bbox 850 1709 890 1772; x_wconf 90' lang='lat' dir='ltr'><strong>de</strong></span> <span class='ocrx_word' id='word_1_96' title='bbox 913 1708 1019 1772; x_wconf 84' lang='lat' dir='ltr'><strong>amicit</strong></span> 
     </span>
     <span class='ocr_line' id='line_1_17' title="bbox 137 1796 1019 1880; baseline -0.002 -18"><span class='ocrx_word' id='word_1_97' title='bbox 137 1818 195 1861; x_wconf 90' lang='lat' dir='ltr'><strong>nes</strong></span> <span class='ocrx_word' id='word_1_98' title='bbox 218 1797 259 1862; x_wconf 91' lang='lat' dir='ltr'><strong>ad</strong></span> <span class='ocrx_word' id='word_1_99' title='bbox 281 1819 381 1862; x_wconf 89' lang='lat' dir='ltr'><strong>unum</strong></span> <span class='ocrx_word' id='word_1_100' title='bbox 404 1798 490 1861; x_wconf 92' lang='lat' dir='ltr'><strong>idem</strong></span> <span class='ocrx_word' id='word_1_101' title='bbox 513 1797 670 1880; x_wconf 86' lang='lat' dir='ltr'><strong>sentiunt,</strong></span> <span class='ocrx_word' id='word_1_102' title='bbox 693 1800 727 1861; x_wconf 92' lang='lat' dir='ltr'><strong>et</strong></span> <span class='ocrx_word' id='word_1_103' title='bbox 748 1796 786 1878; x_wconf 90' lang='lat' dir='ltr'><strong>ii,</strong></span> <span class='ocrx_word' id='word_1_104' title='bbox 809 1796 864 1879; x_wconf 91' lang='lat' dir='ltr'><strong>qui</strong></span> <span class='ocrx_word' id='word_1_105' title='bbox 887 1796 929 1860; x_wconf 93' lang='lat' dir='ltr'><strong>ad</strong></span> <span class='ocrx_word' id='word_1_106' title='bbox 951 1818 1019 1860; x_wconf 88' lang='lat' dir='ltr'><strong>rem</strong></span> 
     </span>
     <span class='ocr_line' id='line_1_18' title="bbox 138 1884 1010 1969; baseline -0.001 -19"><span class='ocrx_word' id='word_1_107' title='bbox 138 1906 209 1950; x_wconf 91' lang='lat' dir='ltr'><strong>eam</strong></span> <span class='ocrx_word' id='word_1_108' title='bbox 232 1905 266 1949; x_wconf 90' lang='lat' dir='ltr'><strong>se</strong></span> <span class='ocrx_word' id='word_1_109' title='bbox 285 1885 501 1969; x_wconf 81' lang='lat' dir='ltr'><strong>contulenmt,</strong></span> <span class='ocrx_word' id='word_1_110' title='bbox 524 1885 607 1969; x_wconf 89' lang='lat' dir='ltr'><strong>etii,</strong></span> <span class='ocrx_word' id='word_1_111' title='bbox 626 1884 681 1968; x_wconf 89' lang='lat' dir='ltr'><strong>qui</strong></span> <span class='ocrx_word' id='word_1_112' title='bbox 699 1904 808 1948; x_wconf 87' lang='lat' dir='ltr'><strong>rerum</strong></span> <span class='ocrx_word' id='word_1_113' title='bbox 825 1884 1010 1968; x_wconf 82' lang='lat' dir='ltr'><strong>cognitione</strong></span> 
     </span>
     <span class='ocr_line' id='line_1_19' title="bbox 136 1972 1000 2057; baseline -0.002 -19"><span class='ocrx_word' id='word_1_114' title='bbox 136 1994 243 2056; x_wconf 82' lang='lat' dir='ltr'><strong>neque</strong></span> <span class='ocrx_word' id='word_1_115' title='bbox 266 1972 479 2055; x_wconf 86' lang='lat' dir='ltr'><strong>delectantur,</strong></span> <span class='ocrx_word' id='word_1_116' title='bbox 507 1972 600 2057; x_wconf 86' lang='lat' dir='ltr'><strong>etii,</strong></span> <span class='ocrx_word' id='word_1_117' title='bbox 628 1973 683 2056; x_wconf 93' lang='lat' dir='ltr'><strong>qui</strong></span> <span class='ocrx_word' id='word_1_118' title='bbox 711 1994 804 2036; x_wconf 89' lang='lat' dir='ltr'><strong>suum</strong></span> <span class='ocrx_word' id='word_1_119' title='bbox 831 1973 1000 2056; x_wconf 82' lang='lat' dir='ltr'><strong>negotium</strong></span> 
     </span>
     <span class='ocr_line' id='line_1_20' title="bbox 138 2060 1018 2146; baseline 0 -20"><span class='ocrx_word' id='word_1_120' title='bbox 138 2060 243 2146; x_wconf 86' lang='lat' dir='ltr'><strong>otiosi,</strong></span> <span class='ocrx_word' id='word_1_121' title='bbox 265 2064 432 2146; x_wconf 89' lang='lat' dir='ltr'><strong>postremo</strong></span> <span class='ocrx_word' id='word_1_122' title='bbox 455 2061 492 2144; x_wconf 87' lang='lat' dir='ltr'><strong>ii,</strong></span> <span class='ocrx_word' id='word_1_123' title='bbox 520 2060 632 2144; x_wconf 88' lang='lat' dir='ltr'><strong>quise</strong></span> <span class='ocrx_word' id='word_1_124' title='bbox 655 2064 744 2125; x_wconf 90' lang='lat' dir='ltr'><strong>totos</strong></span> <span class='ocrx_word' id='word_1_125' title='bbox 772 2060 975 2124; x_wconf 86' lang='lat' dir='ltr'><strong>tradiderunt</strong></span> <span class='ocrx_word' id='word_1_126' title='bbox 998 2085 1018 2126; x_wconf 87' lang='lat' dir='ltr'>v</span> 
     </span>
     <span class='ocr_line' id='line_1_21' title="bbox 136 2147 1019 2232; baseline 0.002 -21"><span class='ocrx_word' id='word_1_127' title='bbox 136 2149 235 2231; x_wconf 82' lang='lat' dir='ltr'><strong>tibus,</strong></span> <span class='ocrx_word' id='word_1_128' title='bbox 258 2148 326 2212; x_wconf 90' lang='lat' dir='ltr'><strong>sine</strong></span> <span class='ocrx_word' id='word_1_129' title='bbox 350 2147 493 2213; x_wconf 85' lang='lat' dir='ltr'><strong>amicitia</strong></span> <span class='ocrx_word' id='word_1_130' title='bbox 515 2148 618 2213; x_wconf 83' lang='lat' dir='ltr'><strong>vitam</strong></span> <span class='ocrx_word' id='word_1_131' title='bbox 639 2169 709 2212; x_wconf 90' lang='lat' dir='ltr'><strong>esse</strong></span> <span class='ocrx_word' id='word_1_132' title='bbox 726 2148 861 2232; x_wconf 87' lang='lat' dir='ltr'><strong>nullam,</strong></span> <span class='ocrx_word' id='word_1_133' title='bbox 880 2150 909 2213; x_wconf 89' lang='lat' dir='ltr'><strong>si</strong></span> <span class='ocrx_word' id='word_1_134' title='bbox 927 2149 1019 2213; x_wconf 88' lang='lat' dir='ltr'><strong>mode</strong></span> 
     </span>
    </p>

    <p class='ocr_par' dir='ltr' id='par_1_5' title="bbox 84 2234 1019 3552">
     <span class='ocr_line' id='line_1_22' title="bbox 84 2234 1018 2320; baseline 0 -20"><span class='ocrx_word' id='word_1_135' title='bbox 84 2251 118 2302; x_wconf 77' lang='lat'><strong>8⁷</strong></span> <span class='ocrx_word' id='word_1_136' title='bbox 138 2235 248 2318; x_wconf 82' lang='lat' dir='ltr'><strong>aliqua</strong></span> <span class='ocrx_word' id='word_1_137' title='bbox 271 2255 309 2299; x_wconf 85' lang='lat' dir='ltr'><strong>ex</strong></span> <span class='ocrx_word' id='word_1_138' title='bbox 331 2238 425 2319; x_wconf 89' lang='lat' dir='ltr'><strong>parte</strong></span> <span class='ocrx_word' id='word_1_139' title='bbox 447 2235 628 2299; x_wconf 86' lang='lat' dir='ltr'><strong>liberaliter</strong></span> <span class='ocrx_word' id='word_1_140' title='bbox 645 2235 763 2299; x_wconf 82' lang='lat' dir='ltr'><strong>vivere.</strong></span> <span class='ocrx_word' id='word_1_141' title='bbox 800 2234 908 2320; x_wconf 82' lang='lat' dir='ltr'><strong>Serpit</strong></span> <span class='ocrx_word' id='word_1_142' title='bbox 932 2237 1018 2301; x_wconf 90' lang='lat' dir='ltr'><strong>enim</strong></span> 
     </span>
     <span class='ocr_line' id='line_1_23' title="bbox 137 2321 1019 2406; baseline 0.002 -19"><span class='ocrx_word' id='word_1_143' title='bbox 137 2343 201 2406; x_wconf 90' lang='lat' dir='ltr'><strong>quo</strong></span> <span class='ocrx_word' id='word_1_144' title='bbox 224 2321 319 2387; x_wconf 90' lang='lat' dir='ltr'><strong>modo</strong></span> <span class='ocrx_word' id='word_1_145' title='bbox 343 2343 401 2406; x_wconf 91' lang='lat' dir='ltr'><strong>per</strong></span> <span class='ocrx_word' id='word_1_146' title='bbox 424 2323 567 2387; x_wconf 86' lang='lat' dir='ltr'><strong>omnium</strong></span> <span class='ocrx_word' id='word_1_147' title='bbox 590 2322 676 2388; x_wconf 88' lang='lat' dir='ltr'><strong>vitas</strong></span> <span class='ocrx_word' id='word_1_148' title='bbox 700 2322 844 2388; x_wconf 87' lang='lat' dir='ltr'><strong>amicitia</strong></span> <span class='ocrx_word' id='word_1_149' title='bbox 860 2346 920 2389; x_wconf 89' lang='lat' dir='ltr'><strong>nee</strong></span> <span class='ocrx_word' id='word_1_150' title='bbox 938 2326 1019 2389; x_wconf 82' lang='lat' dir='ltr'><strong>ullar</strong></span> 
     </span>
     <span class='ocr_line' id='line_1_24' title="bbox 136 2409 1019 2498; baseline 0.002 -22"><span class='ocrx_word' id='word_1_151' title='bbox 136 2411 180 2476; x_wconf 88' lang='lat' dir='ltr'><strong>tis</strong></span> <span class='ocrx_word' id='word_1_152' title='bbox 199 2410 362 2498; x_wconf 80' lang='lat' dir='ltr'><strong>degendae</strong></span> <span class='ocrx_word' id='word_1_153' title='bbox 380 2409 541 2477; x_wconf 88' lang='lat' dir='ltr'><strong>rationem</strong></span> <span class='ocrx_word' id='word_1_154' title='bbox 558 2411 683 2498; x_wconf 87' lang='lat' dir='ltr'><strong>patitur</strong></span> <span class='ocrx_word' id='word_1_155' title='bbox 701 2432 771 2477; x_wconf 86' lang='lat' dir='ltr'><strong>esse</strong></span> <span class='ocrx_word' id='word_1_156' title='bbox 790 2416 955 2496; x_wconf 85' lang='lat' dir='ltr'><strong>expertem</strong></span> <span class='ocrx_word' id='word_1_157' title='bbox 969 2413 1019 2478; x_wconf 89' lang='lat' dir='ltr'><strong>sui</strong></span> 
     </span>
     <span class='ocr_line' id='line_1_25' title="bbox 136 2499 1019 2586; baseline 0 -21"><span class='ocrx_word' id='word_1_158' title='bbox 136 2499 237 2566; x_wconf 86' lang='lat' dir='ltr'><strong>etiam</strong></span> <span class='ocrx_word' id='word_1_159' title='bbox 260 2500 289 2565; x_wconf 90' lang='lat' dir='ltr'><strong>si</strong></span> <span class='ocrx_word' id='word_1_160' title='bbox 312 2499 384 2584; x_wconf 89' lang='lat' dir='ltr'><strong>quis</strong></span> <span class='ocrx_word' id='word_1_161' title='bbox 408 2500 584 2586; x_wconf 88' lang='lat' dir='ltr'><strong>asperitate</strong></span> <span class='ocrx_word' id='word_1_162' title='bbox 607 2523 645 2567; x_wconf 87' lang='lat' dir='ltr'><strong>ea</strong></span> <span class='ocrx_word' id='word_1_163' title='bbox 668 2504 717 2567; x_wconf 89' lang='lat' dir='ltr'><strong>est</strong></span> <span class='ocrx_word' id='word_1_164' title='bbox 736 2504 770 2565; x_wconf 89' lang='lat' dir='ltr'><strong>et</strong></span> <span class='ocrx_word' id='word_1_165' title='bbox 787 2500 980 2565; x_wconf 85' lang='lat' dir='ltr'><strong>inmanitate</strong></span> <span class='ocrx_word' id='word_1_166' title='bbox 999 2523 1019 2564; x_wconf 92' lang='lat' dir='ltr'><strong>n</strong></span> 
     </span>
     <span class='ocr_line' id='line_1_26' title="bbox 137 2589 1019 2675; baseline -0.008 -21"><span class='ocrx_word' id='word_1_167' title='bbox 137 2610 329 2675; x_wconf 82' lang='lat' dir='ltr'><strong>congressus</strong></span> <span class='ocrx_word' id='word_1_168' title='bbox 351 2592 389 2653; x_wconf 92' lang='lat' dir='ltr'><strong>ut</strong></span> <span class='ocrx_word' id='word_1_169' title='bbox 411 2589 579 2655; x_wconf 90' lang='lat' dir='ltr'><strong>hominum</strong></span> <span class='ocrx_word' id='word_1_170' title='bbox 606 2590 713 2675; x_wconf 80' lang='lat' dir='ltr'><strong>fugiat</strong></span> <span class='ocrx_word' id='word_1_171' title='bbox 740 2593 837 2672; x_wconf 91' lang='lat' dir='ltr'><strong>atque</strong></span> <span class='ocrx_word' id='word_1_172' title='bbox 864 2589 983 2672; x_wconf 82' lang='lat' dir='ltr'><strong>oderit,</strong></span> <span class='ocrx_word' id='word_1_173' title='bbox 1016 2619 1019 2647; x_wconf 69' lang='lat' dir='ltr'><strong>l</strong></span> 
     </span>
     <span class='ocr_line' id='line_1_27' title="bbox 135 2675 1017 2761; baseline 0.002 -22"><span class='ocrx_word' id='word_1_174' title='bbox 135 2675 236 2740; x_wconf 82' lang='lat' dir='ltr'><strong>fuisse</strong></span> <span class='ocrx_word' id='word_1_175' title='bbox 260 2677 398 2741; x_wconf 88' lang='lat' dir='ltr'><strong>Athenis</strong></span> <span class='ocrx_word' id='word_1_176' title='bbox 421 2676 589 2743; x_wconf 71' lang='lat' dir='ltr'><strong>Timonem</strong></span> <span class='ocrx_word' id='word_1_177' title='bbox 616 2677 723 2742; x_wconf 86' lang='lat' dir='ltr'><strong>neseio</strong></span> <span class='ocrx_word' id='word_1_178' title='bbox 752 2698 847 2760; x_wconf 90' lang='lat' dir='ltr'><strong>quem</strong></span> <span class='ocrx_word' id='word_1_179' title='bbox 875 2678 1017 2761; x_wconf 84' lang='lat' dir='ltr'><strong>accepim</strong></span> 
     </span>
     <span class='ocr_line' id='line_1_28' title="bbox 136 2763 1019 2848; baseline 0.002 -22"><span class='ocrx_word' id='word_1_180' title='bbox 136 2783 211 2826; x_wconf 88' lang='lat' dir='ltr'><strong>men</strong></span> <span class='ocrx_word' id='word_1_181' title='bbox 241 2763 271 2826; x_wconf 92' lang='lat' dir='ltr'><strong>is</strong></span> <span class='ocrx_word' id='word_1_182' title='bbox 302 2763 372 2844; x_wconf 86' lang='lat' dir='ltr'><strong>pati</strong></span> <span class='ocrx_word' id='word_1_183' title='bbox 403 2784 470 2828; x_wconf 92' lang='lat' dir='ltr'><strong>non</strong></span> <span class='ocrx_word' id='word_1_184' title='bbox 495 2763 615 2848; x_wconf 85' lang='lat' dir='ltr'><strong>possit,</strong></span> <span class='ocrx_word' id='word_1_185' title='bbox 645 2767 777 2827; x_wconf 89' lang='lat' dir='ltr'><strong>utnon</strong></span> <span class='ocrx_word' id='word_1_186' title='bbox 809 2765 961 2848; x_wconf 85' lang='lat' dir='ltr'><strong>anquirat</strong></span> <span class='ocrx_word' id='word_1_187' title='bbox 993 2767 1019 2830; x_wconf 85' lang='lat' dir='ltr'><strong>al</strong></span> 
     </span>
     <span class='ocr_line' id='line_1_29' title="bbox 137 2849 1019 2936; baseline 0.005 -23"><span class='ocrx_word' id='word_1_188' title='bbox 137 2849 222 2932; x_wconf 90' lang='lat' dir='ltr'><strong>apud</strong></span> <span class='ocrx_word' id='word_1_189' title='bbox 245 2869 341 2931; x_wconf 91' lang='lat' dir='ltr'><strong>quem</strong></span> <span class='ocrx_word' id='word_1_190' title='bbox 364 2854 494 2914; x_wconf 82' lang='lat' dir='ltr'><strong>evomat</strong></span> <span class='ocrx_word' id='word_1_191' title='bbox 516 2850 605 2914; x_wconf 87' lang='lat' dir='ltr'><strong>virus</strong></span> <span class='ocrx_word' id='word_1_192' title='bbox 629 2850 817 2916; x_wconf 86' lang='lat' dir='ltr'><strong>acerbitatis</strong></span> <span class='ocrx_word' id='word_1_193' title='bbox 836 2874 921 2916; x_wconf 85' lang='lat' dir='ltr'><strong>suae.</strong></span> <span class='ocrx_word' id='word_1_194' title='bbox 954 2853 1019 2936; x_wconf 90' lang='lat' dir='ltr'><strong>Atq</strong></span> 
     </span>
     <span class='ocr_line' id='line_1_30' title="bbox 136 2934 1019 3026; baseline 0.007 -27"><span class='ocrx_word' id='word_1_195' title='bbox 136 2934 275 3000; x_wconf 81' lang='lat' dir='ltr'><strong>maxime</strong></span> <span class='ocrx_word' id='word_1_196' title='bbox 298 2934 502 3019; x_wconf 87' lang='lat' dir='ltr'><strong>iudicaretur,</strong></span> <span class='ocrx_word' id='word_1_197' title='bbox 525 2936 554 3001; x_wconf 89' lang='lat' dir='ltr'><strong>si</strong></span> <span class='ocrx_word' id='word_1_198' title='bbox 576 2936 654 3020; x_wconf 90' lang='lat' dir='ltr'><strong>quid</strong></span> <span class='ocrx_word' id='word_1_199' title='bbox 676 2937 743 3002; x_wconf 84' lang='lat' dir='ltr'><strong>tale</strong></span> <span class='ocrx_word' id='word_1_200' title='bbox 760 2944 873 3024; x_wconf 87' lang='lat' dir='ltr'><strong>posset</strong></span> <span class='ocrx_word' id='word_1_201' title='bbox 890 2942 1019 3026; x_wconf 74' lang='lat' dir='ltr'><strong>conting</strong></span> 
     </span>
     <span class='ocr_line' id='line_1_31' title="bbox 137 3022 1019 3112; baseline 0.003 -24"><span class='ocrx_word' id='word_1_202' title='bbox 137 3022 255 3106; x_wconf 87' lang='lat' dir='ltr'><strong>aliquis</strong></span> <span class='ocrx_word' id='word_1_203' title='bbox 277 3043 336 3088; x_wconf 88' lang='lat' dir='ltr'><strong>nos</strong></span> <span class='ocrx_word' id='word_1_204' title='bbox 361 3022 438 3087; x_wconf 88' lang='lat' dir='ltr'><strong>deus</strong></span> <span class='ocrx_word' id='word_1_205' title='bbox 463 3045 501 3087; x_wconf 82' lang='lat' dir='ltr'><strong>ex</strong></span> <span class='ocrx_word' id='word_1_206' title='bbox 522 3023 585 3088; x_wconf 90' lang='lat' dir='ltr'><strong>hac</strong></span> <span class='ocrx_word' id='word_1_207' title='bbox 606 3024 775 3091; x_wconf 88' lang='lat' dir='ltr'><strong>hominum</strong></span> <span class='ocrx_word' id='word_1_208' title='bbox 801 3028 986 3112; x_wconf 88' lang='lat' dir='ltr'><strong>frequentia</strong></span> <span class='ocrx_word' id='word_1_209' title='bbox 1013 3035 1019 3091; x_wconf 78' lang='lat' dir='ltr'><strong>l</strong></span> 
     </span>
     <span class='ocr_line' id='line_1_32' title="bbox 137 3109 1019 3200; baseline 0 -24"><span class='ocrx_word' id='word_1_210' title='bbox 137 3115 169 3176; x_wconf 94' lang='lat' dir='ltr'><strong>et</strong></span> <span class='ocrx_word' id='word_1_211' title='bbox 191 3111 227 3175; x_wconf 90' lang='lat' dir='ltr'><strong>in</strong></span> <span class='ocrx_word' id='word_1_212' title='bbox 249 3109 423 3176; x_wconf 84' lang='lat' dir='ltr'><strong>solitudine</strong></span> <span class='ocrx_word' id='word_1_213' title='bbox 446 3111 574 3195; x_wconf 87' lang='lat' dir='ltr'><strong>uspiam</strong></span> <span class='ocrx_word' id='word_1_214' title='bbox 597 3113 772 3179; x_wconf 85' lang='lat' dir='ltr'><strong>collocaret</strong></span> <span class='ocrx_word' id='word_1_215' title='bbox 795 3119 892 3200; x_wconf 84' lang='lat' dir='ltr'><strong>atque</strong></span> <span class='ocrx_word' id='word_1_216' title='bbox 921 3116 969 3181; x_wconf 94' lang='lat' dir='ltr'><strong>ibi</strong></span> <span class='ocrx_word' id='word_1_217' title='bbox 997 3140 1019 3182; x_wconf 73' lang='lat' dir='ltr'><strong>si</strong></span> 
     </span>
     <span class='ocr_line' id='line_1_33' title="bbox 135 3199 1019 3289; baseline 0.005 -23"><span class='ocrx_word' id='word_1_218' title='bbox 135 3204 210 3266; x_wconf 90' lang='lat' dir='ltr'><strong>tans</strong></span> <span class='ocrx_word' id='word_1_219' title='bbox 234 3199 378 3278; x_wconf 86' lang='lat' dir='ltr'><strong>omnium</strong></span> <span class='ocrx_word' id='word_1_220' title='bbox 400 3220 518 3276; x_wconf 87' lang='lat' dir='ltr'><strong>rerum,</strong></span> <span class='ocrx_word' id='word_1_221' title='bbox 542 3220 621 3283; x_wconf 88' lang='lat' dir='ltr'><strong>quas</strong></span> <span class='ocrx_word' id='word_1_222' title='bbox 644 3206 762 3267; x_wconf 88' lang='lat' dir='ltr'><strong>natura</strong></span> <span class='ocrx_word' id='word_1_223' title='bbox 786 3203 956 3289; x_wconf 86' lang='lat' dir='ltr'><strong>desiderat,</strong></span> <span class='ocrx_word' id='word_1_224' title='bbox 980 3206 1019 3270; x_wconf 87' lang='lat' dir='ltr'><strong>ah</strong></span> 
     </span>
     <span class='ocr_line' id='line_1_34' title="bbox 135 3285 1019 3378; baseline 0.006 -25"><span class='ocrx_word' id='word_1_225' title='bbox 135 3289 216 3354; x_wconf 88' lang='lat' dir='ltr'><strong>tiam</strong></span> <span class='ocrx_word' id='word_1_226' title='bbox 239 3293 273 3354; x_wconf 91' lang='lat' dir='ltr'><strong>et</strong></span> <span class='ocrx_word' id='word_1_227' title='bbox 295 3287 422 3372; x_wconf 89' lang='lat' dir='ltr'><strong>copiam</strong></span> <span class='ocrx_word' id='word_1_228' title='bbox 440 3285 580 3351; x_wconf 89' lang='lat' dir='ltr'><strong>hominis</strong></span> <span class='ocrx_word' id='word_1_229' title='bbox 600 3290 730 3356; x_wconf 91' lang='lat' dir='ltr'><strong>omnino</strong></span> <span class='ocrx_word' id='word_1_230' title='bbox 750 3291 926 3375; x_wconf 78' lang='lat' dir='ltr'><strong>aspiciendi</strong></span> <span class='ocrx_word' id='word_1_231' title='bbox 944 3298 1019 3378; x_wconf 84' lang='lat' dir='ltr'><strong>pote</strong></span> 
     </span>
     <span class='ocr_line' id='line_1_35' title="bbox 135 3375 1019 3462; baseline 0.007 -21"><span class='ocrx_word' id='word_1_232' title='bbox 135 3377 282 3461; x_wconf 88' lang='lat' dir='ltr'><strong>eriperet.</strong></span> <span class='ocrx_word' id='word_1_233' title='bbox 315 3375 393 3450; x_wconf 78' lang='lat' dir='ltr'><strong>Quis</strong></span> <span class='ocrx_word' id='word_1_234' title='bbox 415 3378 485 3439; x_wconf 91' lang='lat' dir='ltr'><strong>tam</strong></span> <span class='ocrx_word' id='word_1_235' title='bbox 509 3379 594 3440; x_wconf 88' lang='lat' dir='ltr'><strong>esset</strong></span> <span class='ocrx_word' id='word_1_236' title='bbox 616 3376 749 3462; x_wconf 83' lang='lat' dir='ltr'><strong>ferreus,</strong></span> <span class='ocrx_word' id='word_1_237' title='bbox 772 3379 828 3462; x_wconf 93' lang='lat' dir='ltr'><strong>qui</strong></span> <span class='ocrx_word' id='word_1_238' title='bbox 847 3402 918 3445; x_wconf 91' lang='lat' dir='ltr'><strong>eam</strong></span> <span class='ocrx_word' id='word_1_239' title='bbox 937 3382 1019 3447; x_wconf 81' lang='lat' dir='ltr'><strong>viter</strong></span> 
     </span>
     <span class='ocr_line' id='line_1_36' title="bbox 134 3461 1019 3552; baseline 0.007 -24"><span class='ocrx_word' id='word_1_240' title='bbox 134 3469 260 3549; x_wconf 86' lang='lat' dir='ltr'><strong>posset,</strong></span> <span class='ocrx_word' id='word_1_241' title='bbox 287 3461 401 3546; x_wconf 86' lang='lat' dir='ltr'><strong>cuique</strong></span> <span class='ocrx_word' id='word_1_242' title='bbox 423 3484 490 3528; x_wconf 89' lang='lat' dir='ltr'><strong>non</strong></span> <span class='ocrx_word' id='word_1_243' title='bbox 513 3463 654 3529; x_wconf 86' lang='lat' dir='ltr'><strong>auferret</strong></span> <span class='ocrx_word' id='word_1_244' title='bbox 680 3465 823 3533; x_wconf 89' lang='lat' dir='ltr'><strong>fructum</strong></span> <span class='ocrx_word' id='word_1_245' title='bbox 845 3467 1019 3552; x_wconf 76' lang='lat' dir='ltr'><strong>voluptate</strong></span> 
     </span>
    </p>

    <p class='ocr_par' dir='ltr' id='par_1_6' title="bbox 82 3549 1009 3641">
     <span class='ocr_line' id='line_1_37' title="bbox 82 3549 1009 3641; baseline 0.006 -26"><span class='ocrx_word' id='word_1_246' title='bbox 82 3565 115 3615; x_wconf 83' lang='lat' dir='ltr'><strong>ss</strong></span> <span class='ocrx_word' id='word_1_247' title='bbox 134 3551 224 3616; x_wconf 88' lang='lat' dir='ltr'><strong>nium</strong></span> <span class='ocrx_word' id='word_1_248' title='bbox 248 3551 411 3618; x_wconf 82' lang='lat' dir='ltr'><strong>solitudo?</strong></span> <span class='ocrx_word' id='word_1_249' title='bbox 441 3549 564 3620; x_wconf 78' lang='lat' dir='ltr'><strong>Verum</strong></span> <span class='ocrx_word' id='word_1_250' title='bbox 587 3574 665 3639; x_wconf 83' lang='lat' dir='ltr'><strong>ergo</strong></span> <span class='ocrx_word' id='word_1_251' title='bbox 688 3554 771 3619; x_wconf 92' lang='lat' dir='ltr'><strong>illud</strong></span> <span class='ocrx_word' id='word_1_252' title='bbox 794 3559 852 3641; x_wconf 85' lang='lat' dir='ltr'><strong>est,</strong></span> <span class='ocrx_word' id='word_1_253' title='bbox 876 3556 961 3639; x_wconf 89' lang='lat' dir='ltr'><strong>quod</strong></span> <span class='ocrx_word' id='word_1_254' title='bbox 989 3582 1009 3622; x_wconf 88' lang='lat' dir='ltr'><strong>a</strong></span> 
     </span>
    </p>
   </div>
   <div class='ocr_carea' id='block_1_3' title="bbox 0 0 1202 4126">
    <p class='ocr_par' dir='ltr' id='par_1_7' title="bbox 0 0 1202 4126">
     <span class='ocr_line' id='line_1_38' title="bbox 0 0 1202 4126; baseline 0 0"><span class='ocrx_word' id='word_1_255' title='bbox 0 0 1202 4126; x_wconf 95' lang='lat' dir='ltr'><strong> </strong></span> 
     </span>
    </p>
   </div>
  </div>
 </body>
</html>
