2394 4126
220 258 283 323 172
516 257 669 314 LAELIUS
687 257 737 312 DE
754 256 920 314 AMICITIA

218 420 305 485 enim
327 442 528 506 generorum,
549 420 746 504 praesertim
767 419 802 484 in
824 441 859 484 re
881 420 977 504 bona,
998 441 1068 486 cum
1093 420 1151 476 νίι-

218 513 281 593 est,
303 512 374 573 tum
396 530 436 572 ne
459 530 597 591 aequum
620 509 750 592 quidem
772 507 939 573 obsistere.
1151 512 1154 517 '

285 594 479 682 Saepissime
492 595 593 681 igitur
607 596 688 660 mihi
703 596 742 661 de
755 596 899 661 amicitia
912 594 1069 682 cogitanti
1088 627 1116 651 ιιι
1134 624 1140 649 ι

218 685 299 749 illud
328 682 594 750 considerandum
621 684 724 749 videri
751 684 848 767 solet,
880 686 991 748 utrum
1016 678 1156 768 propter'

218 773 430 838 becillitatem
453 774 551 854 atque
572 772 718 857 inopiam
740 771 923 837 desiderata
944 771 989 836 sit
1011 770 1161 854 amicitia,¹

220 861 333 925 dandis
355 858 610 943 recipiendisque
632 860 758 925 meritis
781 859 868 943 quod
889 860 1025 944 quisque
1042 859 1133 924 minua

219 948 500 1100 tbffltttt
519 947 742 1101 bittit
766 947 1124 1102 tdltlttitt?
1154 991 1156 997 '

220 1084 384 1206 antiqirior
402 1125 436 1186 et
452 1057 671 1208 pulchriorqct
688 1059 794 1209 magii
813 1059 969 1188 apnatura
986 1123 1060 1208 ipsa
1078 1143 1147 1209 pro·

220 1210 285 1274 alia
312 1231 417 1274 causa.
462 1211 566 1276 Amor
593 1212 691 1289 enim,
724 1233 763 1276 ex
795 1232 858 1296 quo
888 1211 1032 1276 amicitia
1057 1210 1143 1276 nroib

219 1302 279 1380 est,
297 1298 445 1382 princeps
460 1303 510 1362 est
524 1299 565 1365 ad
578 1299 832 1364 benivolentiam
846 1299 1106 1385 coniungendam
1128 1294 1162 1362 r

219 1386 380 1452 utilitates
406 1387 535 1471 quidem
558 1388 657 1452 etiam
680 1389 722 1452 ab
744 1387 784 1452 iis
802 1387 1026 1472 percipiuntur
1044 1408 1157 1472 saepe*

220 1475 426 1540 simulatione
445 1475 606 1541 amicitiae
624 1476 776 1540 coluntur
790 1479 823 1540 et
836 1475 1052 1541 observantur
1068 1480 1139 1540 ten
1149 1502 1165 1526 o

219 1585 325 1647 causa,
347 1564 382 1626 in
405 1563 548 1629 amicitia
571 1568 680 1629 autem
701 1563 784 1628 nihil
806 1563 917 1628 fictum
942 1567 1001 1648 est,
1022 1563 1103 1628 nihil
1125 1590 1152 1617 2..

218 1653 323 1716 letum
346 1655 392 1736 et,
421 1652 576 1737 quidquid
598 1655 661 1730 cst,
683 1652 715 1715 id
737 1654 788 1715 est
804 1672 917 1716 verum
940 1656 974 1716 ct
996 1652 1093 1716 volun
1112 1680 1116 1705 ι
1151 1678 1178 1712 ι»,

167 1754 199 1803 27
220 1739 424 1825 Quapropter
446 1763 467 1805 a
487 1745 606 1807 natura
628 1739 709 1805 mihi
730 1739 858 1803 videtur
875 1739 986 1824 potius
1005 1761 1100 1823 quam
1114 1732 1184 1803 ab

220 1828 364 1913 digentia
387 1832 460 1892 orta
484 1828 639 1907 amicitia,
663 1828 879 1913 adplicatione
902 1827 1008 1914 magis
1031 1826 1125 1892 animi
1159 1852 1161 1869 ³

219 1915 359 2000 quodam
379 1937 475 1979 sensu
494 1917 623 1981 amandi
642 1937 739 2000 quam
757 1914 963 2000 cogitatione,
988 1919 1136 2000 quantum

219 2025 271 2067 res
294 2003 449 2068 utilitatis
472 2009 558 2069 esset
580 2004 742 2069 habitura.
788 2001 881 2079 Quod
903 2003 1033 2086 quidem
1057 2003 1140 2088 qualo
1160 2028 1168 2052 1

220 2092 319 2156 etiam
341 2092 376 2156 in
398 2092 512 2157 bestiis
536 2092 729 2176 quibusdam
756 2091 971 2156 animadverti
993 2094 1113 2176 potest,
1134 2110 1150 2172 q
1176 2121 1189 2144 ¹:

220 2202 259 2244 ex
282 2201 316 2243 se
338 2182 435 2242 natos
458 2180 505 2244 ita
528 2183 640 2243 amant
664 2180 705 2243 ad
727 2180 887 2262 quoddam
909 2182 1040 2264 tempus
1063 2184 1096 2245 ct
1113 2171 1194 2245 Μ

218 2266 267 2330 ita
290 2269 453 2343 amantur,
476 2270 513 2331 ut
536 2265 631 2332 facile
654 2288 764 2331 aarum
788 2289 900 2332 sensus
923 2272 1089 2352 appareat
1128 2254 1194 2340 Qud:

217 2355 253 2419 in
274 2354 405 2420 homine
427 2354 532 2419 multo
555 2358 606 2419 est
628 2355 823 2439 evidentius,
853 2355 995 2440 primum
1021 2377 1062 2420 ex
1083 2377 1120 2421 ca
1136 2330 1194 2425 cml

217 2447 301 2530 tate,
329 2463 411 2528 quae
438 2446 489 2508 est
515 2443 602 2507 inter
627 2447 723 2508 natos
751 2446 784 2508 et
811 2447 975 2527 parentes,
1007 2465 1090 2527 quae
1134 2439 1163 2455 ‘'

217 2533 282 2597 nisi
305 2532 492 2598 detestabili
515 2533 634 2597 scelere
656 2554 722 2597 non
747 2536 870 2617 potest3
897 2531 1011 2596 deinde
1038 2553 1111 2597 cum
1148 2528 1155 2542 ’

218 2622 259 2685 lis
275 2642 388 2686 sensus
407 2621 516 2685 extitit
535 2621 665 2704 amoris,
684 2621 713 2684 si
730 2620 871 2703 aliquem
889 2619 978 2685 nacti
995 2641 1115 2705 sumus,
1163 2613 1194 2713 ἰ

218 2731 292 2772 cum
314 2707 459 2771 moribus
483 2712 516 2771 et
533 2711 651 2770 natura
669 2727 894 2792 congruamus,
917 2706 1004 2791 quod
1021 2707 1057 2772 iu
1075 2730 1113 2774 eo
1128 2716 1194 2791 qun

218 2795 328 2858 lumen
351 2792 483 2875 aliquod
505 2793 680 2876 probitatis
704 2796 737 2856 ct
758 2793 890 2859 uirtutis
915 2795 1098 2881 perspicere
1118 2792 1195 2861 uidet¹

166 2894 200 2944 aa
218 2903 299 2945 mur.
344 2877 436 2942 Nihil
464 2883 515 2942 est
542 2879 627 2942 enim
653 2880 775 2946 virtute
803 2883 988 2967 amabilius,
1015 2884 1111 2969 nihil,
1136 2872 1195 2967 quot

218 2967 323 3052 magis
347 2965 480 3029 adliciat
499 2965 540 3030 ad
554 2966 761 3053 diligendum,
785 2971 903 3057 quippe
922 2993 994 3038 cum
1011 2976 1144 3059 propter
1155 2965 1195 3034 rit

217 3060 322 3120 tutem
346 3057 379 3119 et
400 3055 599 3139 probitatem
623 3055 721 3122 etiam
744 3079 813 3141 eos,
843 3081 924 3143 quos
946 3082 1122 3144 numquam
1142 3050 1195 3125 rid

218 3167 299 3229 mus,
314 3143 454 3230 quodam
469 3144 564 3211 modo
580 3143 762 3229 diligamus.
795 3144 873 3222 Quis
888 3152 947 3232 est,
969 3148 1024 3232 qui
1038 3147 1074 3214 O.
1088 3136 1195 3223 Fabrici¹

216 3233 269 3300 Μ’.
290 3232 368 3300 (luri
390 3256 456 3300 non
474 3257 547 3302 cum
569 3232 706 3299 caritate
730 3234 839 3318 aliqua
860 3235 1018 3321 benivola,
1034 3234 1195 3327 memoria!

216 3328 364 3408 usurpet,
388 3346 468 3406 quos
490 3345 667 3407 numquam
689 3321 829 3389 viderit?
853 3325 925 3407 quis
948 3327 1058 3390 autem
1081 3329 1195 3409 aaut

217 3411 429 3494 Tarquinium
452 3409 642 3495 Superbum,
666 3410 721 3495 qui
744 3409 797 3497 Sp.
820 3409 979 3496 Cassium,
1002 3411 1056 3498 Sp.
1070 3410 1195 3479 Maelius

217 3519 284 3563 non
303 3496 428 3563 oderit?
466 3495 547 3562 Oum
566 3500 690 3566 duobus
709 3499 843 3565 ducibus
862 3500 900 3565 de
918 3501 1056 3585 imperio
1074 3503 1109 3567 in
1124 3491 1195 3565 luit

219 3588 270 3647 est
282 3584 490 3669 decertatum,
507 3584 633 3669 Pyrrho
648 3592 682 3654 ct
693 3586 893 3674 Hannibale3
911 3589 953 3654 ab
972 3589 1077 3656 altero
1090 3586 1196 3677 propa
