2394 4126
316 210 391 266 cnr.
411 217 524 266 22-24.
557 217 705 277 §ee-eo.
930 213 987 278 191

81 373 238 455 Archyta,
265 375 302 435 ut
330 372 463 457 opinor,
491 371 553 438 dici
581 373 714 438 solitum
741 376 872 437 nostros
900 395 994 439 senes

81 481 237 524 remorare
267 459 374 524 audivi
407 460 448 524 ab
485 460 559 524 aliis
592 461 723 525 senibus
756 461 915 525 auditum:
948 461 1004 526 ‘si-

91 549 131 613 in
154 547 302 613 caelum
325 547 567 613 ascendisset
589 552 845 634 naturamque
864 548 993 614 mundi

81 635 386 701 ulchritudinem
418 635 587 701 siderum
622 638 902 723 perspexisset,
937 637 992 701 in·

83 747 138 789 em
160 723 274 788 illam
297 723 594 789 admirationem
621 725 656 789 ei
682 723 780 808 fore3
813 746 908 809 quae
934 725 992 791 iu-

84 812 219 877 issima
245 810 401 894 fuisset,
433 811 467 877 si
498 811 680 896 aliquem,
711 813 771 878 cui
792 816 993 896 narraret,

81 893 226 965 iisset'*
246 897 299 964 Sic
320 902 440 964 natura
453 898 636 966 solitarium
647 898 729 964 nihil
745 904 834 966 amat
853 922 991 986 semper-

81 989 111 1053 id
129 987 261 1072 aliquod
279 990 449 1071 tamquam
468 987 698 1053 adminiculum
718 989 888 1073 adnititur3
907 989 992 1073 quod

81 1075 238 1144 uicissimo
262 1097 390 1160 quoque
413 1075 633 1141 dulcissimum
659 1080 718 1141 est.

81 1165 115 1229 sd
136 1187 208 1230 cum
236 1167 288 1228 tot
315 1163 418 1248 signis
447 1163 558 1229 eadem
584 1168 702 1230 natura
729 1164 883 1243 declaret,
915 1164 992 1248 quid
1002 1165 1044 1230 24

98 1252 258 1337 anquirat,
279 1248 453 1335 desideret,
476 1254 586 1317 tamen
607 1251 865 1319 obsurdescimus
883 1255 992 1318 nescio

81 1341 167 1405 modo
188 1361 312 1423 necea,
332 1361 414 1423 quae
433 1339 475 1404 ab
490 1361 528 1404 ea
542 1362 719 1424 monemur,
742 1341 899 1405 audimus.
930 1340 993 1405 Est

94 1428 203 1494 varius
232 1431 265 1494 et
291 1427 463 1512 multiplex
490 1449 568 1493 usus
596 1429 774 1512 amicitiae,
807 1429 992 1512 multaeque

81 1538 102 1581 ‚e
124 1516 345 1600 suspicionum
368 1515 644 1599 offensionumque
668 1516 795 1599 dantur,
818 1537 898 1599 quas
921 1520 991 1579 tum

81 1625 122 1688 re,
152 1608 224 1668 tum
255 1604 395 1688 elevare,
426 1606 496 1668 tum
527 1603 612 1668 ferre
645 1603 801 1687 sapientis
834 1607 897 1686 est,
929 1614 993 1667 una

81 1691 267 1757 iublevanda
289 1691 423 1757 offensio
448 1696 507 1775 est,
529 1694 567 1756 ut
590 1695 623 1756 et
645 1690 772 1755 utilitas
790 1691 825 1754 in
849 1688 993 1754 amicitia

81 1780 121 1844 les
143 1780 333 1844 retineatur:
356 1801 433 1844 nam
456 1782 488 1843 et
511 1779 662 1845 monendi
685 1777 780 1844 amici
802 1800 898 1863 saepe
917 1781 993 1843 sunt

81 1866 245 1952 iurgandi,
268 1872 301 1932 et
320 1868 400 1932 haec
419 1866 604 1952 accipienda
623 1867 733 1949 amice,
752 1889 825 1932 cum
843 1866 993 1931 benivole

125 1951 188 2018 Sed
207 1955 314 2021 nescio
338 1977 402 2040 quo
426 1956 522 2020 modo
545 1976 656 2020 verum
681 1958 740 2038 est,
763 1954 849 2038 quod
871 1955 906 2018 in
928 1954 992 2017 An·
1011 1969 1045 2018 ee

84 2040 254 2107 familiaris
275 2065 365 2108 meus
389 2043 480 2109 dicit:

81 2128 266 2213 >sequium
287 2131 445 2215 amicos,
467 2131 616 2196 veritas
640 2129 765 2195 odium
790 2129 903 2214 parit.

81 2220 129 2281 sta
150 2217 279 2301 veritas,
302 2219 460 2305 siquidem
484 2241 522 2284 ex
546 2240 584 2284 ea
601 2218 746 2285 nascitur
765 2219 883 2299 odium,
907 2217 993 2302 quod

81 2327 213 2371 euenum
228 2306 398 2392 amicitiae,
416 2307 472 2373 sed
491 2307 681 2391 obsequium
696 2308 800 2373 multo
814 2307 993 2389 molestius,

88 2393 227 2478 peccatis
240 2393 412 2482 indulgens
426 2395 636 2480 praecipitem
651 2395 791 2460 amicum
808 2394 888 2459 ferri
902 2394 993 2473 sinit3

81 2503 138 2546 nna
161 2485 271 2546 autem
293 2483 389 2568 culpa
410 2482 445 2547 in
468 2505 521 2565 eo,
549 2482 605 2565 qui
632 2486 664 2546 et
686 2483 858 2552 veritatem
887 2501 993 2562 asper·

81 2592 84 2607 ·
107 2573 139 2635 et
160 2570 196 2634 in
217 2569 365 2635 fraudem
387 2569 742 2654 obs,equioinpellitur.
777 2567 873 2633 Omni
891 2566 993 2653 igitur
1027 2594 1030 2615 ·

81 2680 105 2720 n
127 2679 162 2721 re
184 2656 335 2723 habenda
357 2659 441 2723 ratio
466 2662 499 2722 et
522 2656 692 2744 diligentia
714 2661 773 2741 est,
796 2656 937 2742 primum
955 2659 993 2720 ut

81 2745 123 2810 tio
156 2745 347 2830 acerbitate,
380 2747 492 2811 deinde
519 2750 556 2812 ut
584 2744 769 2832 obiurgatio
797 2744 993 2811 contumelia

81 2837 109 2916 t,
130 2834 166 2898 in
189 2833 345 2918 obsequio
367 2839 489 2919 autem,
513 2834 665 2919 quoniam
680 2833 874 2900 Terentiano
893 2833 993 2901 verbo

81 2924 138 2987 iter
159 2920 297 3007 utimur,
324 2923 460 2987 comitas
484 2924 584 3008 adsit,
612 2922 808 3007 adsentatio,
839 2921 993 2989 vitiorum

81 3009 136 3094 rix,
158 3009 272 3096 procul
291 3014 490 3094 amoveatur,
508 3033 590 3095 quae
607 3033 674 3076 non
690 3012 786 3077 modo
806 3011 919 3095 amico,
938 3011 994 3075 sed

81 3099 151 3162 bero
175 3096 304 3181 quidem
328 3098 428 3184 digna
450 3102 513 3182 est3
536 3099 632 3164 aliter
651 3098 736 3163 enim
755 3122 827 3164 cum
845 3102 994 3180 tyranno,

81 3211 82 3221 ¹
105 3208 178 3251 cum
200 3185 304 3251 amico
328 3185 457 3251 visitur.
502 3185 601 3252 Cuius
625 3190 732 3250 autem
752 3205 846 3249 aures
864 3183 993 3248 clausae
1012 3198 1045 3247 eo

81 3272 119 3338 ai
137 3277 223 3358 sunt,
245 3277 283 3337 ut
302 3274 343 3338 ab
363 3274 465 3340 amico
480 3295 592 3340 verum
607 3272 717 3337 audire
730 3274 880 3355 nequeat,
897 3270 993 3334 huius

99 3361 300 3446 desperanda
323 3365 382 3426 est.
419 3359 543 3429 Scitum
567 3364 616 3425 est
639 3359 724 3423 enim
747 3358 829 3423 illud
850 3356 994 3440 Catonis,

81 3451 164 3514 ulta:
189 3449 344 3514 ‘melius
368 3450 410 3515 de
434 3448 663 3534 quibusdam
686 3446 845 3513 acerbos
868 3445 994 3509 inimi·

80 3538 223 3604 mereri
255 3559 372 3623 quam
400 3559 464 3604 eos
497 3536 654 3622 amicos,
686 3535 761 3621 qui,
778 3533 908 3600 dulces
940 3532 994 3598 vi·
