2394 4126
401 109 476 164 OAP.
496 116 521 181 s,
540 117 564 164 4.
601 116 748 176 111-11.
1010 111 1070 174 167

64 270 198 356 quidem
221 270 329 335 deleta
352 274 410 353 est,
433 273 504 336 tum
525 271 673 354 florebat,
695 269 854 336 institutis
874 274 906 335 et
923 293 1072 355 praecep·

63 360 109 424 111
139 359 207 424 suis
236 358 434 442 erudierunt,
474 358 526 423 vel
550 359 632 438 eius,
661 358 717 443 qui
743 357 908 442 Apollinis
941 359 1070 423 oraculo

66 447 328 532 sapientissimus
352 450 403 510 est
425 446 598 529 iudicatus,
620 446 710 530 †qui
731 467 798 510 non
816 450 886 509 tum
903 444 978 529 hoc,
1001 449 1071 509 tum

63 535 157 619 illud,
180 535 274 598 utin
295 533 468 619 plerisque,
490 534 649 598 sedidem
669 555 804 618 semper,
827 533 952 598 animos
969 533 1072 597 homi·

31 638 143 688 enum
166 644 237 688 esse
260 621 396 706 divinos,
418 623 532 706 iisque,
550 644 622 687 curn
641 644 680 686 ex
698 643 831 706 corpore
850 621 1072 705 excessissent,

64 711 206 776 reditum
236 709 272 774 in
306 710 432 774 caelum
458 714 585 794 patere,
617 709 803 793 optimoque
832 713 864 774 et
891 708 1070 773 iustissimo

10 878 21 889 ,
64 799 179 883 cuique
198 796 483 882 expeditissimum.
519 795 611 872 Quod
629 797 715 861 idem
732 793 875 882 Scipioni
891 797 1071 880 videbatur,
1092 812 1124 860 11

65 887 120 972 qui
143 886 282 970 quidem,
306 886 399 967 quasi
417 886 628 970 praesagiret,
650 886 819 970 perpaucis
838 890 913 950 ante
931 889 1071 951 mortem

66 975 189 1058 diebus,
212 996 285 1038 cum
308 977 341 1036 et
363 972 477 1038 Philus
501 979 533 1038 et
556 972 709 1037 Manilius
730 972 857 1038 adesset
876 977 909 1038 11
927 974 984 1039 1111
1002 974 1072 1058 plu-

10 1070 128 1147 31111,
150 1066 251 1145 tuque
275 1061 387 1144 etiam,
410 1059 578 1143 Scaevola,
601 1083 727 1150 mecum
749 1061 905 1145 venisses,
928 1062 1072 1126 triduum

10 1152 21 1177 ⁸
67 1150 218 1215 disseruit
241 1149 280 1213 do
303 1171 338 1214 re
360 1150 503 1234 publica3
526 1149 615 1215 cuius
639 1148 867 1233 disputationis
887 1149 951 1215 fuit
970 1153 1072 1215 extre-

10 1180 40 1321 ξ
67 1261 155 1303 mum
172 1237 241 1302 fere
255 1238 294 1302 dc
306 1237 543 1303 inmortalitate
558 1238 748 1319 animorum,
767 1259 848 1324 quae
864 1259 898 1302 se
915 1238 950 1302 in
964 1238 1071 1322 quiete

66 1337 131 1411 per
146 1325 253 1391 visum
275 1346 315 1390 ex
336 1325 490 1391 Africano
515 1325 643 1391 audisse
666 1325 802 1390 dicebat.
840 1325 879 1388 Id
902 1325 931 1389 si
947 1325 996 1390 ita
1014 1331 1073 1406 est,

10 1426 17 1499 '.
66 1419 103 1479 ut
125 1414 253 1499 optumi
275 1413 427 1497 cuiusque
450 1414 576 1479 animus
599 1414 634 1477 in
660 1417 765 1478 morte
787 1413 942 1477 facillime
966 1413 1072 1476 evolet

10 1505 236 1585 =atamquam
259 1522 276 1565 c
298 1501 445 1565 custodia
467 1501 645 1585 vinclisque
663 1501 818 1585 corporis,
836 1501 887 1566 cui
906 1521 1071 1564 censemus

67 1612 197 1655 cursum
217 1588 258 1652 ad
277 1588 353 1653 deos
371 1587 551 1652 faciliorem
568 1587 669 1662 fuisse
688 1610 787 1673 quam
800 1586 966 1672 Scipioni?
989 1586 1071 1663 Quo·

19 1756 32 1763 ,
67 1678 152 1744 circa
174 1697 318 1740 maerere
340 1674 403 1738 hoc
425 1675 493 1738 eius
516 1679 633 1739 eventu
655 1698 768 1741 vereor
787 1698 828 1740 ne
846 1675 948 1741 invidi
966 1675 1071 1760 magis

21 1812 25 1817 -
67 1787 167 1849 quam
191 1763 286 1826 amici
309 1762 361 1826 sit.
402 1759 460 1826 Sin
481 1765 590 1826 autem
611 1763 670 1827 illa
692 1765 832 1844 veriora,
858 1768 896 1829 ut
917 1764 1003 1829 idem
1026 1764 1072 1826 in·

10 1850 17 1925 1
66 1852 186 1917 teritus
214 1849 258 1912 sit
289 1849 469 1913 animorum
497 1852 530 1913 et
556 1870 726 1933 corporum
755 1874 814 1918 nec
845 1853 931 1917 ullus
959 1872 1071 1916 sensus

10 1928 214 2041 &maneat
246 1939 283 1999 ut
308 1936 389 2000 nihil
415 1936 494 2002 boni
521 1940 571 2001 111
597 1936 633 2001 in
658 1941 776 2023 morte,
803 1940 849 2006 sic
876 1944 962 2006 certe
988 1939 1072 2004 nihil

10 2046 29 2101 ες
66 2024 162 2107 mali3
194 2045 300 2106 sensu,
320 2025 405 2090 enim
435 2025 554 2090 amisso
577 2025 615 2089 fit
642 2025 741 2109 idem,
773 2028 865 2111 quasi
887 2032 984 2093 natus
1005 2050 1072 2092 non

10 2078 25 2177 1
67 2116 155 2180 11111
178 2111 318 2192 omnino,
342 2135 437 2197 quem
460 2117 570 2178 tamen
588 2135 658 2179 esse
681 2117 794 2179 natum
817 2120 850 2181 et
871 2138 931 2181 nos
956 2116 1072 2202 gaude

10 2176 23 2235 l
67 2223 140 2266 mus
164 2200 299 2264 ethaeo
321 2200 449 2279 civitas,
477 2202 553 2266 dum
576 2203 646 2285 erit,
669 2202 853 2268 laetabitur.
902 2204 1006 2279 Quam
1029 2204 1070 2268 ob
1093 2213 1124 2262 15

66 2312 137 2355 rem
155 2310 229 2354 cum
247 2287 306 2351 illo
326 2288 463 2371 quidem,
484 2292 634 2372 utsupra
648 2290 722 2372 dixi,
746 2295 854 2354 actum
873 2291 994 2373 optime
1013 2294 1072 2370 est,

31 2390 194 2443 “mecum
216 2374 464 2457 incommodius,
495 2395 590 2458 quem
611 2375 718 2437 fuerat
742 2376 887 2456 aequius,
918 2378 956 2437 ut
982 2375 1072 2457 prius

65 2465 266 2547 introieram,
289 2463 335 2527 sic
357 2461 448 2546 prius
471 2459 558 2524 exire
581 2459 619 2524 (11
642 2461 719 2525 vita.
752 2458 813 2523 Sed
836 2464 947 2524 tamen
970 2482 1073 2527 recor·

66 2553 198 2618 datione
221 2554 353 2617 nostrae
376 2549 538 2615 amicitiae
566 2547 612 2613 sic
638 2547 742 2632 fruor,
769 2551 806 2612 ut
832 2548 927 2613 beate
953 2548 1073 2615 vixisse

10 2642 16 2667 '·
66 2641 188 2724 videar,
211 2640 287 2722 quia
310 2661 382 2704 cum
405 2635 554 2721 Scipione
576 2635 720 2720 vixerim,
743 2658 880 2720 quocum
901 2637 982 2703 mihi
1000 2660 1073 2705 con-

64 2731 179 2794 iuncta
201 2749 278 2792 cura
301 2727 340 2791 de
361 2726 549 2810 publicare
572 2729 605 2789 et
628 2725 666 2789 de
688 2725 818 2810 privata
839 2726 911 2807 fuit,
934 2748 1072 2811 quocum

25 2831 53 2874 ⁸⁰
66 2821 102 2883 11
124 2817 239 2881 domus
261 2814 325 2878 fuit
347 2817 380 2878 et
402 2813 521 2879 militia
543 2814 722 2879 communis
745 2819 790 2898 et,
822 2815 856 2880 id
878 2816 913 2881 in
936 2838 999 2900 quo
1023 2821 1073 2880 est

67 2905 175 2970 omnis
197 2903 247 2968 vis
275 2902 450 2981 amicitiae,
482 2902 700 2987 voluntatum,
723 2903 916 2987 studiorum,
946 2908 1072 2968 senten·

66 2993 190 3056 tiaram
219 3012 346 3056 summa
374 2990 551 3056 consensio.
595 2991 710 3075 ltaque
741 3014 806 3056 non
833 2994 901 3055 tam
928 2991 994 3054 ista
1021 3012 1072 3054 me

66 3078 257 3165 sapientiae,
280 3101 379 3162 quam
400 3078 495 3144 modo
517 3077 660 3144 Fannius
683 3077 962 3158 commemoravit,
983 3075 1073 3139 fama

68 3168 222 3250 delectat,
252 3165 338 3231 falsa
363 3166 567 3253 praesertim,
596 3186 692 3249 quam
716 3162 802 3247 quod
828 3162 989 3226 amicitiae
1015 3183 1072 3225 no·

21 3270 53 3312 ³⁵
69 3259 158 3320 strae
171 3255 359 3319 memoriam
374 3276 468 3340 spero
483 3253 714 3338 sempiternam
726 3250 805 3333 fore,
823 3249 919 3332 idque
937 3269 975 3312 11
992 3248 1073 3311 mihi

68 3343 175 3428 magis
198 3345 249 3407 est
271 3343 372 3427 cordi,
404 3341 490 3426 quod
516 3363 556 3405 ex
583 3337 731 3403 omnibus
760 3337 896 3403 saeculis
923 3334 977 3400 vix
1008 3335 1073 3400 1111

68 3435 127 3497 aut
150 3434 304 3517 quattuor
325 3429 535 3495 nominantur
557 3426 650 3513 paria
670 3425 862 3510 amicorum3
886 3444 949 3508 quo
967 3422 1003 3487 in
1021 3444 1074 3509 ge-

835 3621 854 3773 ,
