2394 4126
132 208 196 273 180
430 202 583 258 LAELIUS
601 201 650 255 DE
668 200 836 257 AMICITIA

130 368 252 434 nodum
271 366 432 433 amicitiae
450 366 576 430 tollere.
611 362 644 428 N
646 385 687 429 on
706 363 792 428 enim
810 366 886 427 tam.
898 363 1024 428 utilitas
1044 386 1085 447 pa

131 480 190 542 per
213 456 352 522 amicum
376 476 474 538 quam
496 452 591 518 amici
614 473 707 517 amor
727 451 798 536 ipse
827 452 980 535 delectat,
1006 456 1085 535 tumr¹

131 545 213 610 illud
235 545 287 629 fit,
310 543 396 628 quod
417 541 460 606 ab
483 541 588 606 amico
612 542 662 604 est
684 538 881 624 profectum,
903 540 1085 624 iucundum,

132 657 205 700 cum
228 632 335 698 studio
359 632 410 695 est
431 627 626 712 profectum3
654 631 849 711 tentumque
872 628 980 711 abest,
1001 631 1039 691 ut
1060 650 1085 692 ar

132 722 228 787 citiae
251 722 385 806 propter
407 715 621 802 indigentiam
644 716 806 801 colantur,
828 719 867 780 ut
889 712 1002 800 ii,'qui
1024 715 1085 800 opit

133 815 166 875 et
198 808 299 893 copiis
331 804 534 888 maximeque
565 805 700 887 virtute,
731 803 766 866 in
796 826 860 888 qua
886 803 1085 889 plurimum¹

131 895 294 983 praesidii,
317 892 450 957 minime
473 893 607 958 alterius
630 892 808 977 indigeant,
831 892 1084 956 liberalissimis

133 988 167 1049 et
185 980 475 1047 beneficentissimi.
511 981 620 1065 Atque
643 979 723 1044 haut
746 980 848 1045 sciam
867 1003 909 1043 an
926 1001 968 1044 ne
994 1001 1070 1065 opus

132 1071 263 1156 quidem
293 1069 376 1133 nihil
407 1090 561 1152 umquam
594 1068 724 1133 omnino
756 1068 867 1133 deesse
900 1068 1022 1133 amicis.
1071 1065 1085 1131 l

132 1158 220 1223 enim
242 1157 351 1222 studia
371 1161 486 1222 nostra
512 1157 706 1242 viguissent,
737 1155 767 1220 si
792 1178 969 1239 numquam
998 1155 1085 1221 consil

133 1266 309 1329 numquam
338 1267 438 1330 opera
463 1249 578 1309 nostra
599 1265 658 1309 neo
681 1244 769 1308 domi
791 1266 850 1309 nec
874 1244 1012 1308 militiae
1034 1241 1085 1325 Sci]

134 1333 298 1423 eguisset?
338 1331 415 1398 Non
435 1333 538 1419 igitur
560 1332 739 1396 utilitatem
761 1332 914 1416 amicitia,
937 1332 994 1396 sed
1015 1331 1085 1396 utili

130 1421 313 1488 ‘amicitiam
335 1425 448 1486 secuta
470 1424 529 1485 est.

81 1489 124 1616 ἐξ
198 1510 274 1577 Non
288 1531 367 1595 ergo
381 1512 476 1574 erunt
488 1509 636 1574 homines
651 1508 774 1573 deliciis
789 1508 973 1573 diffluentes
985 1507 1085 1573 audien

134 1599 164 1663 si
186 1599 314 1683 quando
338 1599 377 1662 de
399 1597 552 1681 amicitia,
574 1619 673 1682 quam
694 1618 753 1661 nec
775 1618 837 1660 usu
858 1616 918 1661 nec
938 1597 1061 1661 ratione
1080 1593 1085 1654 l

133 1688 213 1752 bent
226 1687 399 1772 cognitam,
419 1686 639 1770 disputabunt.
670 1683 757 1749 Nam
771 1685 843 1767 quis
858 1687 917 1768 est,
935 1706 996 1768 pro
1010 1685 1085 1747 deon

133 1775 229 1839 fidem
246 1778 344 1858 atque
357 1774 538 1838 hominum!
559 1774 615 1856 qui
627 1773 717 1856 velit,
735 1775 772 1837 ut
785 1793 889 1856 neque
904 1772 1085 1858 diligatque

134 1884 232 1946 quam
250 1883 310 1927 nee
327 1863 397 1946 ipse
416 1861 457 1925 ab
476 1861 545 1926 ullo
564 1861 729 1946 dihgatur,
751 1859 973 1925 circumfluere
994 1857 1085 1926 onmil

133 1949 236 2034 copiis
250 1953 348 2033 atque
361 1949 396 2013 in
410 1949 554 2014 omnium
567 1970 676 2014 rerum
690 1948 889 2012 abundantia
900 1948 1031 2013 vivere?
1052 1944 1085 2010 Ηε

134 2038 220 2102 enim
239 2041 290 2102 est
307 2042 520 2121 tyrannorum
538 2036 607 2101 vita
624 2035 786 2119 nimirum,
804 2036 840 2099 in
862 2057 928 2120 qua
945 2036 1037 2100 nulla
1053 2033 1085 2098 fid

132 2125 225 2189 nulla
247 2126 381 2207 caritas,
408 2125 500 2189 nulla
528 2124 657 2188 stabilis
679 2123 919 2188 benivolentiae
941 2127 1083 2208 potestc

133 2212 260 2294 fiducia,
283 2212 394 2275 omnia
416 2232 543 2294 semper
565 2213 716 2294 suspecta
738 2213 836 2293 atque
859 2211 1011 2296 sollicita,
1032 2211 1084 2275 nul

81 2314 115 2364 53
134 2299 224 2364 locus
253 2298 423 2363 amicitiae.
474 2295 552 2372 Quis
580 2298 665 2362 enim
694 2300 750 2362 aut
779 2319 854 2363 eum
884 2299 1016 2386 diligat,
1047 2321 1085 2383 qu

133 2389 272 2471 metuat,
299 2390 356 2451 aut
383 2407 470 2470 eum,
497 2408 518 2451 a
545 2407 609 2470 quo
637 2408 672 2451 se
698 2386 801 2452 metui
822 2387 939 2472 putet?
985 2387 1085 2454 Oolun

133 2480 245 2542 tamen
266 2474 474 2541 simulatione
492 2473 662 2540 dumtaxat
680 2475 721 2540 ad
738 2478 877 2559 tempus.
909 2474 1031 2550 Quodsi
1047 2475 1085 2539 lo]

133 2568 171 2630 ut
192 2566 232 2630 fit
253 2565 456 2649 plerumque,
484 2563 682 2646 ceciderunt,
709 2567 780 2628 tum
802 2563 1022 2649 intellegitur,
1045 2586 1085 2647 qu

132 2652 255 2716 fuerint
283 2653 397 2737 inopes
429 2652 615 2717 amicorum.
661 2650 754 2726 Quod
780 2651 993 2735 Tarquinium
1025 2651 1085 2715 dixi

132 2738 243 2801 ferunt
266 2741 460 2821 exulantem,
483 2743 554 2803 tum
577 2759 611 2801 se
633 2738 842 2822 intellexisse,
866 2761 947 2822 quos
965 2739 1046 2805 fidos
1066 2763 1085 2803 a

133 2845 189 2889 cos
211 2824 390 2909 habuisset,
413 2845 494 2909 quos
516 2824 646 2908 infidos,
669 2846 742 2889 eum
764 2825 827 2889 iam
852 2828 976 2892 neutris
1001 2828 1085 2914 grati

81 2927 116 2989 54
133 2910 254 2975 referre
285 2916 406 2995 posset.
455 2910 659 2994 Quamquam
690 2912 803 2992 miror,
835 2914 894 2980 illa
927 2916 1078 3002 superbia

133 2998 370 3083 inportunitate
389 3000 418 3063 si
436 3020 632 3082 quemquam
645 3000 785 3066 amicum
797 3002 918 3067 habere
936 3005 1054 3088 potuit.

135 3106 197 3170 que
218 3089 257 3150 ut
278 3085 389 3164 huius,
411 3108 507 3170 quem
531 3085 612 3169 dixi,
635 3109 741 3154 mores
765 3111 859 3155 veros
883 3091 1004 3157 amieos
1027 3115 1085 3177 par

134 3174 1085 3333 ttttttt‘tttttttl0‘t'tltfflttttttr

133 3354 215 3415 tuna
234 3371 329 3416 caeca
347 3354 407 3435 est,
429 3348 559 3415 sedeas
578 3350 678 3416 etiam
694 3353 886 3439 plerumque
905 3292 1007 3421 efficii
1023 3379 1085 3422 eae

134 3458 215 3520 quos
242 3439 400 3524 conplexa
427 3441 492 3522 est3
517 3437 628 3523 itaque
656 3441 832 3508 efferuntur
859 3441 928 3507 fere
954 3443 1085 3509 fastidio

133 3527 351 3612 contumacia,
385 3547 445 3593 nee
482 3525 653 3610 quicquam
683 3529 857 3616 insipiente
892 3530 1062 3598 fortunato
