2394 4126
365 250 440 308 GAP.
459 256 555 306 9-11.
592 257 741 316 seo-se.
995 252 1057 315 143

43 410 151 498 igitur
175 412 235 476 has
258 413 402 496 corporis
426 434 468 477 an
485 410 693 496 Pythagorae
711 410 774 474 tibi
792 411 887 474 malis
905 410 991 475 vires
1010 409 1058 474 in·

46 499 619 671 tttzjttldtttjtttstt
632 498 853 651 dtftdtt
868 497 1059 670 11ὲέ1ῗὲ

46 676 221 762 paululum
241 679 346 739 aetate
364 674 531 760 progressi
549 674 801 739 adulescentiam
819 675 938 739 debent
955 673 1059 756 requi·

16 780 131 828 orere.
178 761 298 828 Cursus
327 767 377 827 est
405 765 510 826 certus
539 762 656 826 aetatis
684 766 807 826 etune
833 763 888 827 via
914 764 1058 844 naturae,

46 874 152 936 eaque
176 850 322 935 simplex,
345 872 467 934 suaque
486 850 598 933 cuique
617 850 704 934 parti
722 851 839 915 aetatis
858 847 1058 934 tempestivi-

45 944 101 1004 tas
126 942 176 1004 est
204 939 292 1021 data,
320 942 357 1002 ut
385 942 418 1002 et
444 938 627 1029 infirmitas
645 948 817 1021 puerorum
845 943 877 1003 et
904 937 1057 1002 ferocitas

46 1028 202 1092 iuvenum
230 1031 263 1090 et
291 1026 437 1112 gravitas
463 1026 529 1090 iam
553 1022 732 1090 constantis
756 1026 873 1091 aetatis
897 1030 929 1091 et
953 1047 1058 1091 senec·

47 1114 133 1180 tutis
160 1113 333 1178 maturitas
359 1115 508 1179 naturale
537 1113 690 1198 quiddam
716 1113 848 1198 habeat,
881 1115 967 1198 quod
998 1134 1057 1179 suo

10 1219 34 1260 ιο
47 1207 197 1288 tempore
224 1202 355 1286 pereipi-
374 1202 497 1267 debeat.
542 1201 664 1265 Audire
691 1204 724 1266 te
752 1202 906 1285 arbitror,
939 1200 1056 1286 Scipio,
1075 1224 1110 1272 34

47 1292 169 1375 hospes
192 1294 267 1354 tuus
291 1291 397 1355 avitus
419 1289 593 1355 Masinissa
615 1311 697 1372 quae
719 1288 820 1355 faeiat
842 1289 937 1354 hodie
957 1311 1057 1353 nona-

50 1380 145 1465 ginta
174 1382 272 1443 natus
305 1399 421 1462 ennos;
457 1400 529 1443 cum
560 1378 726 1462 ingressus
752 1378 815 1442 iter
842 1377 978 1461 pedibus
1006 1377 1057 1460 sit,

48 1469 84 1531 in
108 1488 225 1550 equum
249 1467 379 1530 omnino
399 1486 465 1530 non
483 1464 663 1546 ascendere,
686 1486 758 1528 oum
777 1467 885 1528 autem
905 1484 996 1546 equo,
1020 1485 1059 1526 ex

49 1576 133 1638 equo
160 1575 227 1618 non
255 1552 463 1634 descendere,
484 1551 576 1615 nullo
602 1551 713 1631 imbri,
739 1551 831 1614 nullo
858 1550 981 1634 frigore
1005 1549 1058 1612 ad-

10 1657 36 1698 15
50 1642 139 1726 duci,
165 1645 203 1706 ut
226 1639 332 1724 capite
355 1641 469 1721 operto
492 1637 549 1719 sit,
580 1657 738 1700 summam
761 1658 831 1699 esse
852 1637 888 1699 in
910 1657 948 1699 eo
973 1635 1059 1701 sicci-

48 1734 154 1794 tatem
178 1726 338 1811 corporis,
364 1725 474 1807 itaque
502 1723 611 1787 omnia
638 1723 751 1806 exequi
778 1723 865 1808 regis
893 1722 999 1789 officia
1026 1726 1059 1787 et

47 1838 196 1882 munera.
225 1814 340 1877 Potest
354 1812 456 1895 igitur
475 1810 661 1874 exercitatio
680 1814 713 1873 et
730 1811 945 1895 temperantia
960 1810 1059 1876 etiam

46 1906 84 1969 in
110 1903 276 1966 senectute
299 1920 488 1963 conservare
512 1897 635 1982 aliquid
656 1898 786 1981 pristini
808 1899 944 1963 roboris.

119 1987 196 2052 Non
211 1986 336 2050 suntin
350 1990 513 2051 senectute
526 1985 621 2051 vires.
639 1984 698 2051 Nc
707 1987 915 2070 postulantur
929 1987 1058 2071 quidem
1069 1995 1107 2058 11

10 2096 32 2137 ro
45 2079 138 2144 vires
163 2097 182 2139 a
206 2077 378 2139 senectute.
413 2073 502 2160 Ergo
526 2078 559 2139 et
580 2075 708 2161 legibus
731 2074 944 2140 etfinstitutis
963 2079 1058 2142 vacat

48 2169 142 2232 aetas
159 2166 274 2227 nostra
292 2162 477 2227 muneribus
495 2163 545 2242 iis,
564 2185 646 2247 quae
663 2184 729 2228 non
746 2168 885 2248 possunt
902 2164 970 2229 sine
983 2164 1057 2230 viri·

48 2256 111 2319 bus
135 2249 296 2315 sustineri.
332 2249 446 2334 Itaque
468 2272 534 2315 non
556 2251 662 2335 modo,
685 2253 771 2335 quod
792 2274 859 2318 non
875 2275 1057 2338 possumus,

50 2340 107 2406 sed
128 2361 169 2404 ne
193 2342 350 2422 quantum
367 2360 540 2423 possumus
559 2340 688 2422 quidem
705 2340 860 2423 cogimur.
896 2341 943 2405 At
961 2341 1057 2404 multi
1075 2361 1108 2410 35

48 2429 99 2493 ita
121 2431 197 2492 sunt
219 2426 365 2491 inbecilli
381 2446 494 2509 senes,
515 2429 553 2488 ut
575 2427 702 2489 nullum
725 2427 824 2490 officii
847 2430 903 2490 aut
926 2429 1056 2491 omnino

10 2533 34 2574 ²⁵
48 2518 137 2583 ritae
159 2536 276 2579 munus
300 2513 432 2597 exsequi
453 2513 589 2597 possint.
625 2511 671 2576 At
693 2512 727 2574 id
747 2512 876 2595 quidem
899 2534 965 2576 non
986 2535 1058 2597 pro

49 2605 157 2690 prium
180 2602 355 2668 senectutis
376 2600 492 2666 vitium
510 2604 570 2683 est,
593 2599 649 2664 sed
666 2621 835 2664 commune
853 2600 1057 2667 valetudinis.

50 2692 154 2768 Quam
171 2690 234 2755 fuit
253 2689 424 2754 inbecillus
441 2688 477 2753 P.
496 2688 643 2754 Africani
660 2688 756 2773 filius,
779 2687 807 2753 is
827 2688 882 2772 qui
905 2692 938 2771 te
961 2691 1057 2776 adop·

48 2781 147 2864 tavit,
175 2801 272 2863 quam
295 2778 386 2843 tenui
409 2781 466 2842 aut
487 2778 579 2842 nulla
600 2777 709 2863 potius
734 2777 932 2844 valetudine!
965 2779 1056 2855 Quod

48 2869 83 2932 ni
104 2869 154 2932 ita
175 2865 301 2951 luisset,
325 2867 464 2930 alterum
486 2866 568 2931 illud
590 2867 750 2931 extitisset
772 2867 883 2932 lumen
900 2868 1057 2954 civitatis;

10 2972 36 3014 so
50 2956 91 3022 ad
112 2959 285 3041 paternam
308 2955 393 3018 enim
416 2955 672 3041 magnitudinem
695 2956 795 3020 animi
817 2957 964 3022 doctrina
981 2959 1057 3023 ube·

47 3045 117 3109 rior
139 3047 328 3109 secesserat.
370 3042 454 3118 Quid
476 3043 592 3108 mirum
615 3044 717 3128 igitur
739 3045 775 3108 in
797 3046 936 3131 senibus,
960 3047 987 3110 si
1009 3047 1056 3111 in·

47 3132 135 3197 firmi
158 3133 224 3196 sint
248 3131 436 3215 aliquando,
463 3153 536 3197 cum
563 3132 597 3195 id
618 3154 659 3195 ne
683 3131 902 3197 adulescentes
927 3135 1055 3218 quidem

12 3262 21 3280 .
47 3221 190 3306 effugere
218 3220 367 3305 possint?
412 3219 654 3301 Resistendum,
681 3218 772 3283 Laeli
799 3225 832 3284 et
859 3219 980 3305 Scipio,
1010 3241 1056 3282 se

44 3308 172 3374 nectuti
190 3312 250 3392 est,
272 3308 403 3393 eiusque
421 3308 502 3373 vitia
520 3307 692 3394 diligentia
709 3309 947 3391 compensanda
966 3308 1055 3387 sunt,

10 3396 256 3483 repugnandum
270 3400 438 3481 tamquam
457 3399 571 3461 contra
593 3397 780 3461 morborum
798 3397 864 3460 vim
883 3394 929 3457 sic
942 3394 1056 3455 contra

44 3488 256 3568 senectutem,
273 3485 422 3550 habenda
436 3484 520 3559 ratio
539 3484 743 3566 valetudinis,
761 3482 915 3547 utendum
939 3479 1054 3543 exeroi·
1073 3497 1107 3548 se

42 3572 227 3655 tntionibus
241 3573 385 3658 modieis,
405 3575 533 3636 tantum
550 3572 611 3636 cibi
626 3575 658 3635 et
671 3569 814 3654 potionis
829 3564 1055 3663 adhibendum,
