2394 4126
160 234 224 300 176
455 233 609 289 annulus
627 233 677 286 DE
694 232 861 288 AMICITIA

159 416 256 463 eausa
277 395 476 482 peccaveris3
501 416 578 458 nam
601 416 674 458 cum
697 391 899 460 conciliatrix
917 392 1079 459 amicitiae
1117 392 1124 407 '
1192 392 1194 397 ’

159 485 240 550 tutis
264 484 373 569 opinio
391 483 499 566 fuerit,
522 481 653 547 difficile
671 484 722 546 est
740 481 917 547 amicitiam
937 502 1076 559 manere,
1095 482 1121 546 si

105 591 141 641 ss
159 574 281 639 virtute
299 571 461 637 defeceris.
497 568 619 644 Quodsi
638 573 764 635 rectum
786 569 996 635 statuerimus
1016 569 1071 635 ucl
1092 588 1151 635 con·-

160 662 271 728 cedere
293 659 418 741 amicis,
446 657 600 741 quidquid
627 658 742 735 velint,
769 658 821 723 vel
848 657 1012 742 inpetrare
1050 657 1090 722 ab
1113 654 1130 671 ’⁰
1177 640 1194 717 ².

161 748 316 835 quidquid
337 746 484 831 velimus,
506 744 651 830 perfecta
674 745 803 829 quidem
826 745 987 831 sapientia
1008 744 1040 809 si
1056 743 1150 827 simun

159 838 243 902 nihil
265 835 387 901 habeat
408 855 460 898 res
482 833 569 917 uitii3
593 833 649 899 sed
669 833 833 917 loquimur
852 833 890 898 de
908 833 948 897 iis
969 832 1090 915 amicis,
1140 829 1148 845 ‘

161 929 236 991 ante
256 923 366 988 oculos
386 925 470 1005 sunt,
490 943 570 1006 quos
588 921 728 985 vidimus
747 924 804 986 aut
823 920 861 986 de
880 921 997 1005 quibus
1011 942 1098 987 mem
1127 918 1134 933 '

160 1013 863 1182 tltlttlt⁰3dltttt⁰tlltl
878 1008 1059 1180 qlidlt
1096 1096 1104 1110 ·
1145 1074 1148 1079 ’

107 1205 142 1254 39
162 1186 216 1271 qui
235 1185 276 1250 ad
293 1186 487 1272 sapientiam
499 1207 655 1271 proxume
675 1185 838 1251 accedunt.
868 1183 1027 1250 Videmus
1044 1184 1153 1270 Papus·

161 1274 338 1339 Aemilium
363 1274 502 1340 Luscino
528 1273 724 1338 familiarem
755 1273 857 1338 fuisse
883 1271 945 1358 (sic
973 1295 994 1338 a
1019 1272 1154 1358 panus

162 1359 368 1450 accepimus),
385 1362 436 1426 bis
454 1384 519 1427 una
537 1363 693 1445 consules,
712 1362 855 1447 collegas
873 1360 909 1425 in
927 1381 1077 1445 censura3
1096 1364 1152 1425 tun

162 1456 290 1516 etcum
312 1451 353 1515 iis
377 1454 410 1516 et
431 1451 517 1515 inter
539 1471 575 1514 se
603 1449 882 1515 coniunctissimos
909 1448 1012 1515 fuisse
1033 1446 1086 1515 Μ’.
1106 1446 1156 1513 Gn·

161 1540 254 1623 rium,
278 1538 325 1603 Ti.
341 1536 576 1604 Coruncanium
595 1536 770 1602 memoriae
787 1536 954 1622 proditum
967 1541 1028 1603 est
1063 1535 1153 1623 lgtu

161 1650 202 1693 ne
229 1628 387 1712 suspicari
414 1627 542 1712 quidem
569 1647 740 1710 possumus
770 1646 964 1709 quemquam
986 1620 1152 1691 horumcll

163 1717 266 1782 amico
286 1716 452 1801 quippiam
467 1713 677 1797 contendisse,
697 1713 782 1797 quod
800 1716 914 1778 contra
930 1713 1039 1797 fidem,
1056 1714 1153 1789 contr!

161 1805 212 1868 ius
235 1803 422 1886 iurandum,
445 1806 559 1867 contra
581 1824 649 1867 rem
671 1802 836 1886 publicam
860 1804 955 1866 esset.
999 1800 1086 1867 Nam
1103 1798 1153 1865 hu

162 1891 291 1976 quidem
313 1891 348 1955 in
370 1890 491 1956 talibus
515 1890 594 1956 viris
618 1890 694 1974 quid
715 1889 839 1953 adtinet
858 1889 973 1975 dicere,
995 1888 1025 1955 si
1041 1889 1152 1955 contar·

162 1980 276 2063 disset,
298 1979 548 2064 impetraturum
570 1999 636 2041 non
657 1977 778 2042 fuisse?
802 1999 875 2041 cum
897 1977 950 2041 illi
973 1970 1152 2043 sanctissimi

161 2068 224 2133 viri
255 2067 388 2151 fuerint,
422 2088 521 2151 aeque
553 2069 662 2130 autem
693 2065 785 2128 nefas
818 2065 862 2128 sit
890 2066 959 2130 tale
986 2062 1150 2149 aliquidet

162 2156 267 2222 facere
299 2159 451 2239 rogatum
481 2157 514 2218 et
541 2174 666 2237 rogare.
710 2152 756 2215 At
783 2173 860 2217 vero
889 2151 960 2219 Tib.
988 2151 1151 2218 Gracchum

163 2242 381 2325 sequebantur
394 2240 428 2306 O.
444 2238 559 2324 Carbo,
582 2237 617 2303 O.
634 2237 725 2323 Octo,
748 2243 781 2304 et
799 2239 932 2305 minime
949 2244 1023 2307 tum
1040 2237 1151 2325 quiden

162 2328 196 2396 (l.
219 2330 321 2394 frater
347 2351 432 2393 nunc
454 2329 540 2392 idem
562 2327 746 2393 acerrimus.

111 2397 153 2461 12
227 2416 318 2483 Haeo
344 2417 446 2503 igitur
473 2417 525 2481 lex
551 2416 587 2481 in
613 2417 756 2481 amicitia
788 2416 965 2499 sanciatur,
996 2420 1035 2483 ut
1063 2428 1167 2501 nequo¹

108 2475 144 2524 40
161 2528 313 2594 rogemus
336 2528 389 2572 res
411 2511 522 2591 turpes
541 2527 599 2570 neo
616 2505 773 2571 faciamus
791 2504 908 2589 rogati.
945 2502 1063 2589 Turpis
1080 2498 1153 2567 euim

162 2596 326 2661 excusatio
358 2599 409 2660 est
440 2598 474 2660 et
505 2595 637 2659 minime
670 2592 854 2678 accipienda
885 2613 960 2657 cum
989 2593 1025 2657 in
1053 2592 1154 2657 oeten!

161 2685 317 2785 peeqatis,
343 2688 413 2747 tum
442 2684 470 2746 si
497 2683 568 2766 quis
597 2684 710 2744 contra
737 2702 806 2744 rem
828 2679 994 2765 publicam
1016 2700 1051 2746 se
1072 2668 1156 2745 amiel

162 2790 260 2835 causa
276 2769 391 2833 fecisse
411 2769 563 2833 fateatur.
593 2766 724 2830 Etenim
743 2787 780 2832 eo
799 2768 881 2852 loco,
903 2766 1009 2833 Fanni
1026 2771 1060 2833 ct
1076 2762 1156 2831 ὃν

161 2857 250 2938 vola,
279 2856 379 2920 locati
402 2877 525 2938 sumus,
552 2856 589 2929 ut
610 2874 670 2917 nos
693 2854 790 2938 longe
812 2855 998 2940 prospicere
1020 2846 1158 2941 opereat

162 2943 289 3008 futuros
313 2964 406 3007 casus
429 2942 476 3005 rei
502 2939 659 3025 publicae.
706 2942 845 3008 Deflcxit
871 2945 939 3009 iam
965 2944 1159 3029 aliquantum

110 3047 142 3095 41
163 3032 201 3094 de
239 3030 345 3115 spatio
382 3029 604 3112 curriculoque
640 3031 837 3096 consuetudo
873 3032 1043 3099 maiorum.
1096 3026 1160 3093 'Iib-
1190 3054 1194 3073 ·

163 3118 327 3184 Gracchus
350 3138 487 3202 regnum
510 3138 665 3201 occupare
689 3122 823 3184 conatus
847 3123 910 3204 est,
939 3121 994 3186 vel
1020 3110 1163 3206 regnavil

162 3208 191 3273 is
215 3207 343 3292 quidem
365 3225 485 3290 paucos
508 3226 642 3269 menses.
687 3205 774 3272 Num
799 3207 875 3292 quid
899 3208 1006 3275 simile
1029 3204 1163 3294 populus

162 3296 328 3362 Romanus
347 3293 493 3359 audierat
511 3298 567 3360 aut
586 3294 731 3360 viderat?
763 3294 859 3361 Hunc
877 3296 977 3361 etiam
994 3299 1071 3382 post
1085 3308 1165 3359 mor

162 3390 230 3450 tem
252 3383 354 3448 secuti
373 3381 468 3448 amici
486 3386 519 3446 et
536 3383 710 3469 propinqui
731 3383 808 3467 quid
826 3384 860 3448 in
877 3383 913 3449 P.
927 3382 1078 3469 Scipione
1095 3366 1194 3447 elle·⁸

163 3474 278 3557 cerint,
308 3472 376 3535 sine
404 3471 545 3536 lacrimis
572 3494 638 3537 non
662 3494 747 3556 queo
777 3471 889 3537 dicere.
934 3471 1023 3537 Nam
1050 3468 1166 3539 cubo·

161 3583 249 3645 nem,
282 3581 480 3648 quocumque
508 3561 602 3627 modo
634 3560 812 3646 potuimus,
843 3563 979 3646 propter
1006 3562 1168 3627 recentem
