2408 4124
384 263 459 318 OAP.
479 271 504 334 s,
525 272 548 319 ι.
582 271 601 330 s
622 271 733 319 ιι-ιι.
1000 267 1062 333 139

38 448 126 492 cum
151 427 258 488 aetate
281 425 506 508 processisset,
534 425 589 508 qui
612 424 774 490 Aristides
798 430 896 510 esset,
919 426 1062 509 Lysima·
1192 462 1195 467 ·

42 513 150 579 chum
172 512 314 576 salutare
333 512 489 577 solitum?
525 512 684 596 Equidem
702 535 768 578 non
786 515 883 578 modo
903 535 957 578 eos
975 516 1061 600 novi,

43 601 109 686 qui
132 603 218 682 sunt,
241 600 296 664 sed
320 621 431 664 eorum
454 603 564 684 patres
588 601 687 666 etiam
710 605 743 665 et
767 623 854 685 avos,
876 623 935 666 neo
959 603 1062 685 sepul·

42 711 108 755 cra
131 688 242 772 legens
265 710 389 771 vereor,
413 689 498 771 quod
522 690 621 773 aiunt,
643 711 684 753 ne
705 690 896 754 memoriam
914 688 1062 774 perdam,

42 777 105 842 his
135 775 218 839 enim
245 776 326 859 ipsis
354 776 498 861 legendis
526 777 561 839 in
588 776 777 842 memoriam
800 778 895 841 redeo
919 780 1061 842 mortuo·

42 886 133 929 rum.
169 861 238 927 Nec
256 885 333 927 vero
354 885 549 948 quemquam
568 885 677 928 senem
696 864 804 930 audivi
825 865 973 948 oblitum,
997 886 1061 948 quo

43 955 124 1034 loeo
148 950 338 1015 thesaurum
361 951 537 1034 obruisset3
561 953 678 1036 omnia,
702 974 783 1036 quae
804 957 928 1035 curant,
951 953 1061 1016 memi-

40 1042 177 1123 nerunt,
195 1038 382 1103 vadimonia
395 1040 583 1140 constituta,
598 1040 669 1123 quis
681 1040 752 1124 sibi,
767 1040 818 1105 cui
831 1041 894 1125 ipsi
913 1040 1060 1105 debeant.

44 1127 199 1204 Quid?
190 1127 270 1190 1uris
290 1127 427 1192 consult
403 1131 438 1211 ιι,
462 1128 560 1211 quid?
583 1127 767 1212 pontifices,
790 1127 888 1212 quid?
913 1149 1060 1213 augures,
1079 1147 1113 1195 ιι

10 1240 22 1279 ι
45 1214 351 1300 qmdtphrlosophr
360 1237 452 1280 senes
468 1238 565 1299 quam
575 1217 658 1280 mult
644 1216 1061 1282 tameminerunthanent

43 1301 183 1388 ingenia
201 1303 342 1388 senibus,
360 1304 456 1369 modo
475 1308 664 1389 permaneat
650 1304 826 1369 tstudium
846 1308 878 1368 et
892 1304 1061 1388 industria,

44 1412 155 1474 neque
183 1412 221 1455 ea
248 1355 390 1456 solurir
380 1415 416 1455 m
442 1392 538 1456 claris
568 1396 601 1457 et
626 1392 796 1458 honoratis
825 1392 918 1477 viris,
948 1393 1036 1457 sed
1026 1415 1062 1456 m

44 1479 120 1545 vita
144 1479 243 1543 etiam
265 1480 395 1563 privata
418 1484 451 1543 et
475 1481 592 1563 quieta.
634 1479 812 1564 Sophocles
836 1480 877 1544 ad
900 1501 1061 1544 summam

46 1570 251 1632 senectutem
284 1567 470 1650 tragoedias
505 1568 597 1650 feeit3
634 1567 719 1650 quod
751 1571 886 1651 propter
918 1567 1061 1631 studium

10 1674 124 1720 soum
152 1676 222 1718 rem
248 1655 423 1739 neglegere
450 1653 647 1718 familiarem
673 1654 850 1737 videretur,
877 1677 897 1717 ι
922 1653 1000 1717 filiis
1026 1654 1062 1717 in

44 1741 204 1808 iudicium
235 1745 370 1807 vocatus
405 1744 467 1823 est,
499 1744 552 1824 ut,
584 1761 679 1824 quern
712 1741 753 1805 ad
784 1741 916 1805 modum
946 1745 1070 1806 nostro

44 1851 156 1896 more.
170 1831 255 1893 male
283 1851 351 1892 rem
384 1827 571 1912 gerentibus
603 1828 752 1912 patribus
785 1828 880 1893 bonis
911 1829 1062 1893 interdici

44 1919 146 1999 solet,
170 1917 216 1979 sio
238 1915 330 1980 illum
354 1915 448 1998 quasi
466 1916 677 2000 desipientem
695 1939 715 1981 a
733 1938 768 1981 re
786 1916 941 1981 familiari
958 1939 1061 1982 remo·

42 2006 167 2072 verent
184 2002 314 2068 iudices.
345 2003 429 2067 Tum
448 2025 543 2068 senex
563 2003 679 2068 dieitur
697 2026 769 2068 eam
786 2003 942 2088 fabulam,
963 2027 1061 2089 quam

10 2096 84 2160 oin
108 2090 259 2154 manibus
282 2091 425 2155 habebat
453 2095 486 2156 et
512 2091 658 2176 proxime
687 2093 874 2186 scripserat,
902 2091 1060 2178 Oedipum

45 2180 238 2256 Coloneum,
261 2179 414 2244 recitasse
437 2179 595 2244 iudicibus
618 2181 854 2265 quaesisseque,
876 2203 955 2246 num
977 2181 1060 2246 illud

46 2288 181 2334 carmen
205 2267 373 2351 desipiant
364 2289 392 2330 1s
415 2266 587 2333 videretur
632 2267 702 2344 Quo
725 2269 862 2334 recitato
889 2269 1059 2335 sententiis

45 2355 193 2422 iudicum
215 2359 266 2418 est
288 2354 406 2419 liberat
392 2359 454 2419 tus.
489 2354 579 2420 Num
600 2356 703 2440 igitur
724 2356 818 2440 hunc,
841 2379 920 2421 num
942 2357 1060 2422 Home·
1078 2374 1111 2422 23

47 2465 137 2526 rum,
159 2440 347 2524 Hesiodum,
371 2441 583 2526 Simonidem,
606 2440 840 2526 Stesichorum,
861 2466 954 2527 num,
977 2466 1058 2526 quos

10 2552 35 2597 ιιι
49 2535 128 2597 ante
161 2530 241 2614 dixi,
272 2528 456 2614 Isocraten,
487 2528 649 2614 Gorgian,
679 2551 759 2593 uum
789 2530 1060 2615 philosophorum

48 2619 227 2705 principes,
254 2617 492 2703 Pythagoram,
514 2615 751 2700 Democritum,
779 2639 858 2680 num
880 2617 1060 2701 Platonem,

48 2730 130 2772 num
160 2705 378 2791 Xenocraten,
409 2727 488 2770 num
518 2709 633 2789 postea
660 2704 834 2788 Zenonem,
867 2704 1059 2770 Cleanthem

52 2799 110 2859 aut
132 2816 220 2877 eum,
250 2816 346 2878 quem
368 2815 426 2859 vos
450 2793 548 2857 etiam
570 2792 698 2857 vidist1s
721 2792 857 2877 Romae,
879 2792 1059 2880 Diogenem

51 2881 206 2965 Stoicum,
229 2882 368 2966 co'egit
358 2904 393 2945 m
415 2881 537 2946 suist
506 2881 620 2946 studiis
645 2883 866 2947 obmutescere
890 2883 1058 2947 senectus?

10 2991 37 3035 so
51 2993 94 3036 an
122 2971 157 3034 in
185 2969 334 3035 omnibus
361 2969 414 3033 his
437 2970 617 3034 studiorum
641 2971 778 3056 agitatio
802 2970 889 3034 vitae
913 2971 1059 3055 aequelis

49 3059 136 3124 fuit?
181 3057 267 3144 Age,
290 3062 327 3122 ιιι
349 3058 415 3123 ista
438 3057 547 3124 divina
569 3058 676 3122 studia
698 3059 902 3142 omittemuS,
924 3081 1058 3144 possum
1079 3076 1111 3123 ιι

48 3145 219 3212 nominare
246 3168 286 3210 ex
313 3167 393 3232 agro
420 3144 541 3211 Sabino
568 3147 707 3211 rusticos
729 3145 908 3230 Romanos,
935 3147 1059 3212 vicinos

50 3239 84 3299 et
107 3234 286 3298 familiares
309 3256 412 3318 meos,
440 3235 556 3318 quibus
580 3234 769 3298 absentibus
791 3256 969 3318 numquam
991 3234 1058 3297 fere

48 3322 122 3386 ulla
148 3321 183 3385 in
210 3343 288 3406 agro
316 3323 440 3387 maiora
468 3344 566 3406 opera
592 3322 688 3405 fiunt,
716 3343 783 3386 non
811 3321 966 3403 serendis,
994 3342 1060 3383 non

10 3435 34 3476 ιι
47 3409 279 3510 percipiendis,
301 3433 368 3475 non
390 3410 562 3476 condendis
585 3371 755 3475 fructibus.
800 3407 1034 3490 Quamquam
1024 3429 1060 3470 m

49 3497 125 3563 aliis
149 3498 255 3562 minus
274 3498 336 3564 hoc
356 3498 474 3562 mirum
494 3502 556 3583 est3
578 3521 674 3564 nemo
693 3498 779 3563 enim
798 3501 848 3562 est
866 3500 935 3558 tam
954 3517 1058 3578 senex,

46 3586 163 3670 quise
192 3608 312 3650 annum
341 3609 407 3652 non
434 3589 528 3670 putet
555 3609 662 3670 posse
678 3587 799 3669 vivere3
830 3583 886 3647 sed
912 3582 1034 3647 idem
1025 3606 1060 3648 ιιι

76 3784 216 3831 ,ι-
