2394 4126
368 255 443 312 oar.
464 262 505 324 15,
526 262 567 312 ra.
604 260 754 322 ssa-sa·
1001 257 1062 320 151

51 419 156 484 etiam
185 421 219 482 e't
244 417 412 502 pomariis,
438 420 510 482 tum
535 416 694 502 pecudum
722 420 831 500 pastu,
860 416 970 500 apium
993 437 1064 480 exa-

53 505 213 589 minibus,
243 505 359 570 florum
389 505 533 570 omnium
559 505 727 570 varietate.
772 503 841 568 Nec
868 503 1063 568 consitiones

53 593 153 658 modo
177 592 347 676 delectant,
370 593 425 657 sed
449 593 547 656 etiam
569 593 748 676 insitiones,
772 592 889 676 quibus
911 590 994 654 nihil
1017 591 1063 655 in·

52 681 147 747 venit
174 681 246 766 agri
271 681 400 746 cultura
427 681 601 745 sollertius.
646 680 784 744 Possum
811 679 962 764 persequi
994 701 1063 763 per·
1076 649 1138 774 Ῑῧῗ

19 769 163 834 smulta
186 769 423 834 oblectamenta
444 790 552 831 rerum
574 767 777 852 rusticarum,
801 768 858 833 sed
880 768 961 832 hacc
982 767 1064 851 ipsa,

53 878 139 941 quae
167 855 246 939 dixi,
274 857 377 921 sentio
404 854 504 920 fuisse
532 856 691 940 longiora.
735 855 917 942 Ignoscetis
941 859 1063 938 autem,

52 966 133 1010 nam
161 947 194 1008 et
222 944 328 1008 studio
355 944 550 1008 rusticarum
577 965 685 1008 rerum
712 948 884 1028 provectus
913 966 997 1028 sum,
1030 947 1063 1008 et

54 1035 204 1097 senectus
232 1036 283 1096 est
308 1037 426 1096 natura
452 1031 632 1116 loquacior,
663 1053 703 1095 ne
736 1032 776 1095 ab
809 1032 958 1097 omnibus
991 1053 1063 1096 eam

52 1119 146 1186 vitiis
168 1119 278 1184 videar
300 1119 470 1185 vindicare.
515 1119 604 1205 Ergo
627 1119 663 1183 in
689 1120 751 1184 hac
772 1120 842 1185 vita
863 1120 915 1186 Μ’.
938 1118 1062 1203 Curius,

10 1224 130 1283 secum
154 1208 193 1271 da
211 1205 419 1292 Samnitibus,
442 1208 481 1272 de
498 1204 637 1291 Sabinis,
661 1207 698 1270 de
716 1206 842 1290 Pyrrho
865 1208 1062 1293 triumphas-

54 1298 116 1379 set,
139 1296 338 1380 consumpsit
361 1300 541 1361 extremum
562 1300 691 1381 tempus
716 1296 842 1359 aetatis.
880 1294 977 1360 Cuius
996 1296 1063 1379 qui-

53 1383 130 1448 dem
153 1405 213 1468 ego
235 1385 350 1449 villam
377 1385 599 1468 contemplans
628 1382 736 1468 (abest
763 1383 849 1446 enim
875 1404 941 1446 non
965 1383 1063 1466 longe

54 1493 76 1536 a
97 1468 164 1555 me)
187 1470 340 1535 admirari
363 1472 443 1535 satis
465 1493 532 1535 non
558 1492 692 1553 possum
714 1471 767 1533 vel
791 1470 932 1533 hominis
959 1469 1062 1552 ipsius

55 1559 289 1624 continentiam
321 1557 374 1622 vel
405 1561 590 1641 temporum
621 1556 833 1639 disciplinam.
879 1554 976 1619 Curio
1009 1554 1050 1618 ad
1060 1568 1115 1634 (so)

13 1664 41 1706 rs
54 1647 165 1712 focum
198 1644 324 1710 sedenti
355 1665 510 1727 magnum
542 1643 614 1707 auri
644 1643 769 1726 pondus
798 1640 960 1705 Samnites
992 1663 1064 1706 cum

55 1734 260 1817 attulissent,
287 1731 449 1815 repudiati
477 1733 565 1813 sunt,
596 1751 663 1794 non
690 1729 775 1793 enim
804 1750 917 1794 aurum
944 1730 1064 1794 habere

53 1822 261 1908 praeclarum
292 1818 357 1882 sibi
383 1817 485 1882 videri
516 1817 609 1901 dixit,
642 1817 698 1881 sed
729 1817 789 1901 eis,
821 1817 877 1900 qui
906 1817 1064 1882 haberent
1158 1813 1160 1822 ⁴

53 1929 188 1988 aurum,
218 1907 386 1988 imperare.
434 1903 609 1992 Poteratne
639 1908 750 1969 tantus
783 1905 908 1970 animus
939 1905 1116 1976 efficere'ec

52 2016 126 2060 non
153 1993 324 2057 iucundam
352 1993 571 2057 senectutem?
616 1989 678 2057 Sed
705 1993 798 2058 venio
826 1993 868 2058 ad
895 1994 1063 2079 agricolas,

11 2103 40 2144 so
55 2104 100 2148 ne
124 2103 144 2144 a
167 2102 218 2144 me
240 2080 312 2164 ipso
334 2079 489 2145 recedam.
524 2079 564 2146 In
582 2081 670 2166 agris
689 2085 781 2147 erant
799 2085 870 2147 tum
890 2087 1064 2166 senatores,

54 2171 90 2235 id
118 2173 169 2232 est
192 2189 299 2252 senes,
326 2167 483 2251 siquidem
511 2170 618 2233 aranti
640 2168 675 2234 L.
699 2169 848 2245 Quinctio
872 2168 1062 2236 Cincinnato

54 2257 243 2323 nuntiatum
266 2259 317 2320 cst
339 2277 411 2320 eum
434 2257 625 2322 dictatorem
644 2279 714 2322 esse
732 2259 868 2343 factum,
890 2260 981 2325 cuius
1001 2260 1063 2324 dic·

55 2344 176 2410 tatoris
198 2344 289 2408 iussu
311 2344 468 2430 magister
491 2345 636 2428 equitum
655 2343 689 2410 O.
708 2343 863 2411 Servilius
883 2346 991 2411 Abala
1009 2344 1062 2429 Sp.

55 2433 211 2499 Maelium
229 2452 366 2517 regnum
385 2431 590 2515 adpetentem
613 2437 804 2515 occupatum
826 2433 1001 2496 interemit.
1032 2433 1063 2494 A

14 2539 42 2581 ae
56 2520 185 2588 villain
204 2523 352 2584 senatum
371 2519 595 2583 arcessebatur
613 2521 646 2582 et
660 2517 775 2583 Curius
794 2522 828 2583 et
846 2520 944 2583 ceteri
963 2541 1064 2601 seneS,

57 2630 97 2674 ex
120 2629 197 2692 quo,
225 2607 281 2691 qui
303 2627 359 2671 ecs
382 2606 603 2690 arcessebant,
632 2605 774 2670 viatores
796 2607 956 2670 nominati
979 2610 1063 2671 sunt.

55 2696 145 2762 Num
171 2695 273 2779 igitur
300 2694 416 2759 borum
445 2699 592 2759 senectus
619 2694 815 2759 miserabilis
842 2693 918 2780 fuit,
946 2695 1001 2780 qui
1028 2716 1081 2761 se

56 2783 130 2870 agri
143 2783 287 2848 cultione
300 2782 530 2847 oblectabant?
561 2782 635 2848 Mea
654 2782 782 2868 quidem
801 2785 961 2850 sententia
976 2785 1064 2849 haud

57 2873 125 2937 scio
148 2893 191 2935 an
212 2870 304 2934 nulla
326 2869 453 2936 beatior
474 2871 580 2955 possit
598 2893 677 2956 esse,
699 2893 803 2958 neque
822 2872 927 2939 solum
947 2873 1063 2956 officie,

16 2977 44 3018 so
59 2959 144 3044 quod
171 2958 340 3023 hominum
367 2959 478 3044 generi
503 2959 653 3025 universo
681 2961 808 3027 cultura
836 2983 990 3046 agrorum
1013 2965 1063 3026 est

57 3046 221 3130 salutaris,
243 3045 300 3110 sed
318 3049 350 3110 et
369 3046 589 3132 delectatione,
609 3049 646 3113 dc
664 3071 727 3132 qua
742 3049 815 3132 dixi,
839 3055 872 3113 et
891 3050 1064 3115 saturitate

56 3135 213 3219 copiaque
239 3155 348 3198 rerum
374 3135 532 3221 omnium,
560 3158 643 3220 quae
675 3136 715 3200 ad
741 3138 864 3202 victum
885 3138 1064 3215 bominum,

56 3223 98 3288 ad
121 3223 245 3288 cultum
268 3222 367 3286 etiam
390 3223 522 3288 deorum
544 3223 717 3308 pertinent,
739 3228 785 3308 ut,
809 3226 961 3308 quoniam
984 3223 1064 3284 haec

57 3309 190 3395 quidam
221 3310 419 3395 desiderant,
454 3311 489 3375 in
521 3312 662 3396 gratiam
693 3312 759 3376 iam
791 3333 863 3376 cum
895 3308 1064 3390 voluptate

14 3416 43 3456 ³⁵
57 3399 236 3464 redeamus.
280 3395 414 3484 Semper
441 3399 527 3462 enim
553 3397 632 3463 boni
659 3398 843 3481 assiduique
872 3392 994 3460 domini
1017 3412 1064 3454 re·

55 3486 143 3552 ferta
161 3484 243 3551 cella
260 3485 395 3569 vinaria,
418 3485 549 3568 olearia,
572 3485 671 3551 etiam
688 3485 822 3569 penaria
840 3486 898 3565 est,
921 3478 1064 3560 villaque

21 3567 34 3591 ⁶
54 3578 129 3641 tota
148 3572 292 3658 locuples
311 3575 370 3656 est,
394 3571 538 3636 abundat
554 3592 663 3655 porco,
680 3571 793 3652 haedo,
813 3588 908 3652 agno,
931 3565 1065 3650 gallina,
