2394 4126
331 190 406 248 cAP.
428 197 539 246 11-13.
577 195 725 256 §ar-44.
969 190 1031 255 177

19 376 163 443 poenam
177 352 248 419 Tib.
261 350 400 418 Gracchi
419 351 645 433 sustinuimus3
664 349 703 415 de
718 347 752 415 O.
767 340 904 415 Gracchi
923 356 1033 417 autem

19 444 195 511 tribunatu
217 440 294 525 quid
317 444 492 525 expectem,
517 461 582 505 non
605 439 697 503 lubet
720 439 881 523 augurari.
926 437 1034 522 Serpit

20 532 48 615 †
70 530 184 597 deinde
206 550 268 612 res,
290 549 373 613 quae
395 527 549 611 proclivis
573 526 614 591 ad
637 527 819 610 perniciem,
842 548 914 592 cum
933 529 1034 591 semel

23 619 146 704 coepit,
171 617 303 683 labitur.
347 615 489 700 Videtis,
517 615 551 679 in
579 615 702 679 tabella
724 615 788 678 iam
814 619 888 679 ante
912 619 1034 698 quanta

24 707 70 775 ait
95 707 185 773 facta
211 705 317 787 labes,
346 705 453 788 primo
482 702 622 768 Gabinia
649 703 735 788 lege,
767 703 897 767 biennio
925 706 1034 767 autem

23 798 103 882 post
129 791 250 859 Cassia.
294 791 413 857 Videre
443 792 508 856 iam
535 790 648 856 videor
679 791 835 874 populum
868 814 888 856 a
919 796 1034 854 senatu

26 882 234 964 disiunctum,
271 878 490 946 multitudinis
527 879 664 943 arbitrio
697 900 748 943 res
781 879 938 943 maximas
971 881 1034 964 agi.

24 968 140 1036 Plures
172 969 258 1035 euim
290 968 431 1052 discent,
471 989 568 1051 quem
599 967 640 1030 ad
672 966 803 1031 modum
833 968 914 1033 haec
945 967 1035 1049 fiant,

49 1080 127 1123 uam
144 1079 239 1142 quem
258 1055 299 1122 ad
317 1056 449 1121 modum
467 1054 508 1119 iis
532 1054 712 1119 resistatur.
749 1052 909 1129 Quorsum
932 1055 1034 1120 haec?
1053 1071 1087 1119 42

11 1158 19 1205 Ι
80 1145 88 1162 ’
133 1146 202 1211 sine
224 1144 320 1210 sociis
343 1165 439 1209 nemo
464 1143 636 1227 quicquam
658 1143 725 1207 tale
753 1149 896 1208 conatur.
941 1142 1036 1208 Prae·

31 1234 210 1319 cipiendum
233 1235 284 1298 est
305 1232 409 1317 igitur
431 1231 535 1315 bonis,
558 1235 604 1315 ut,
628 1231 656 1295 si
678 1231 713 1294 in
736 1230 910 1295 eiusmodi
929 1231 1036 1297 amici-

31 1322 93 1387 tias
119 1321 227 1407 ignari
253 1341 329 1387 casu
357 1319 467 1403 aliquo
494 1319 678 1402 inciderint,
706 1340 747 1383 ne
776 1319 962 1385 existiment
989 1321 1037 1384 ita

33 1430 66 1475 se
87 1409 250 1494 alligatos,
271 1411 310 1473 ut
333 1409 375 1473 ab
399 1407 511 1472 amicis
534 1408 568 1472 in
586 1429 706 1492 magna
724 1407 835 1491 aliqua
851 1429 887 1472 re
904 1406 1036 1491 publica

11 1497 237 1581 :peccantibus
259 1518 325 1562 non
344 1496 523 1579 discedant3
545 1496 692 1580 inprobis
716 1499 824 1559 autem
847 1516 952 1578 poena
972 1499 1036 1558 sta-

10 1585 149 1681 ftueuda
169 1588 230 1669 est,
250 1606 311 1649 nec
332 1606 409 1650 vero
433 1584 539 1648 minor
561 1583 611 1667 iis,
636 1583 691 1665 qui
715 1583 815 1646 secuti
839 1586 934 1646 erunt
956 1582 1036 1645 alte·

11 1688 13 1693 '
36 1692 113 1756 rum,
132 1694 230 1758 quam
247 1672 299 1756 iis,
321 1672 377 1757 qui
394 1672 459 1756 ipsi
476 1671 597 1735 fuerint
615 1669 794 1754 impietatis
815 1669 920 1733 duces.
957 1666 1036 1743 Quis

38 1760 149 1827 clarior
173 1761 209 1827 iu
235 1758 372 1826 Graecia
399 1759 630 1842 Themistocle,
663 1757 734 1841 quis
762 1757 948 1841 potentior?
981 1757 1037 1840 qui

38 1868 106 1939 cum
124 1848 303 1933 imperator
324 1848 412 1913 bello
435 1846 564 1912 Persico
589 1846 745 1911 servitute
767 1844 935 1910 Graeciam
958 1845 1037 1909 libe

39 1935 172 2001 rarisset
184 1938 376 2021 propterque
392 1936 547 2000 invidiam
565 1935 601 1999 in
619 1935 751 1999 exilium
770 1935 921 2018 expulsus
942 1935 1038 2016 esset,

10 2020 184 2135 ,ingratae
200 2022 325 2107 patriae
340 2024 493 2089 iniuriam
510 2045 574 2088 non
594 2022 681 2106 tulit,
700 2045 796 2106 quam
814 2021 899 2085 ferre
916 2021 1036 2104 debuit,

10 2140 13 2179 ε
40 2107 114 2174 fecit
128 2109 222 2193 idem,
240 2111 323 2196 quod
339 2135 382 2178 xx
400 2112 493 2177 annis
513 2114 588 2175 ante
607 2110 692 2194 apud
709 2132 769 2175 nos
787 2110 909 2175 fecerat
927 2107 1037 2174 Corio·

42 2194 136 2297 uuus.
169 2196 231 2265 His
249 2198 510 2269 adiutorcontra
527 2199 669 2284 patriam
686 2199 837 2265 inventus
856 2202 905 2264 est
927 2219 1037 2282 nem03

10 2348 12 2355 .
44 2286 141 2383 {laque
172 2290 311 2353 mortem
342 2288 406 2353 sibi
436 2291 572 2372 uterque
603 2288 768 2353 conscivit.
818 2286 923 2363 Quare
958 2287 1037 2352 talis
1055 2303 1089 2351 43

10 2378 13 2383 '
45 2376 240 2457 inproborum
257 2377 426 2442 consensio
443 2398 510 2442 non
528 2375 624 2441 modo
647 2376 852 2440 excusatione
876 2375 1037 2440 amicitiae

47 2460 170 2545 legenda
190 2484 258 2529 non
275 2467 335 2549 est,
358 2463 414 2529 sed
432 2464 541 2548 potius
561 2463 719 2546 supplicio
740 2463 828 2525 omni
846 2461 1037 2525 vindicanda

47 2551 98 2632 cr,
120 2555 157 2616 ut
181 2573 225 2617 ne
251 2551 327 2634 quia
351 2572 539 2618 concessum
560 2553 654 2634 putet
678 2549 816 2612 amicum
838 2548 891 2611 vel
913 2548 1037 2610 bellum

47 2638 155 2717 aaa
183 2638 378 2704 inferentem
410 2640 514 2723 sequi3
546 2637 631 2720 quod
665 2636 807 2720 quidem,
839 2638 876 2700 ut
906 2655 958 2699 res
990 2634 1037 2698 ire

48 2726 149 2809 eoepit,
178 2726 267 2792 haud
298 2727 366 2793 scio
397 2749 440 2792 an
471 2725 645 2810 aliquando
676 2725 823 2789 futurum
855 2724 906 2789 sit.
955 2722 1038 2788 Mihi

49 2814 139 2880 tutem
158 2836 227 2881 non
250 2814 368 2880 minori
391 2837 485 2881 curae
509 2819 572 2898 est,
600 2814 705 2898 qualis
733 2836 785 2878 res
807 2813 938 2900 publica
960 2815 1037 2898 post

48 2904 168 2968 mortem
191 2924 299 2968 meam
320 2902 445 2986 futura,
469 2925 566 2986 quam
590 2903 696 2987 qualis
719 2903 815 2968 hodie
839 2904 890 2968 sit.

90 2987 183 3089 ‘Haec
205 2990 309 3076 igitur
331 2991 438 3075 prima
459 2991 512 3054 lex
535 2992 697 3056 amicitiae
725 2991 902 3073 sanciatur,
930 2993 967 3054 ut
995 2989 1036 3053 ab
1049 2967 1091 3090 14²}

48 3078 140 3171 &puis
162 3078 303 3144 honesta
325 3082 487 3163 petamus,
510 3079 689 3144 amicorum
712 3101 809 3143 causa
831 3079 969 3142 honesta
991 3076 1037 3139 fa·

48 3176 160 3247 flamus,
176 3170 454 3251 reexspectemus
469 3167 607 3251 quidem,
621 3168 697 3230 dum
711 3186 876 3247 rogemur3
895 3163 1037 3226 studium

48 3262 156 3339 lumper
186 3253 287 3337 adsit,
320 3255 482 3339 cunctatio
515 3255 617 3336 absit3
650 3250 820 3316 consilium
852 3269 928 3313 vero
961 3247 1037 3310 dare

47 3338 205 3409 sudamus
236 3341 347 3408 libere.
400 3342 581 3407 Plurimum
612 3340 648 3402 in
682 3336 825 3401 amicitia
861 3335 1037 3401 amicorum

46 3416 111 3494 lone
132 3429 340 3497 suadentium
361 3432 470 3496 valeat
493 3427 684 3508 auctoritas,
708 3447 809 3509 eaque
833 3429 866 3490 et
889 3421 1037 3487 adhibea-

45 3508 88 3579 lur
101 3519 142 3585 ad
159 3518 356 3585 monendum
374 3541 443 3585 non
461 3517 556 3582 modo
576 3517 696 3600 aperte,
719 3513 776 3578 sed
795 3514 894 3579 etiam
913 3509 1039 3594 acriter,

85 3626 136 3675 ⁰10.
148 3632 192 3675 Π.
205 3631 226 3672 8.
845 3621 878 3669 12
