2394 4126
297 271 372 329 caP.
393 278 505 329 17-19.
539 278 688 339 saa-ro.
929 274 992 340 185

81 434 170 499 sistit
194 436 306 498 autem
327 434 389 500 hoc
412 435 484 500 loeo
511 434 670 518 quaedam
698 435 844 518 quaestio
873 436 991 500 subdif-
1005 409 1045 535 ¹62

81 575 84 598 ‚
106 545 187 587 num
211 522 340 606 quando
365 521 461 588 amici
482 523 568 606 novi,
592 522 681 608 digni
703 523 856 607 amicitia,
878 524 992 588 veteri-

81 611 134 675 int
156 610 389 694 anteponendi,
416 613 454 675 ut
481 609 573 694 equis
599 610 719 675 vetulis
748 615 876 675 teneros
905 615 992 675 ante-

81 721 100 764 e
124 699 278 764 solemus.
307 697 448 784 Indigna
467 697 597 762 homine
616 698 790 763 dubitatio!
813 697 888 764 Non
908 699 993 763 enim

81 790 102 851 rt
125 807 195 852 esse
220 786 438 851 amicitiarum
462 785 545 851 sieut
568 785 707 851 aliarum
731 808 840 851 rerum
863 787 993 851 satieta-

81 873 248 940 reterrima
271 895 428 959 quaeque,
456 877 494 938 ut
517 895 555 937 ea
577 874 666 958 vina,
690 895 771 958 quae
794 879 992 940 uetustatem

81 967 104 1046 l,
136 983 208 1027 esse
242 961 337 1027 debet
368 961 575 1044 suavissima3
613 984 787 1045 verumque
818 963 900 1027 illud
932 966 991 1046 est,

92 1050 220 1133 dicitur,
241 1049 363 1114 multos
386 1049 512 1115 modios
536 1049 614 1113 salis
638 1049 735 1114 simul
754 1050 892 1116 edendos
912 1072 992 1135 esse,

81 1137 207 1202 nieitiae
230 1159 347 1202 munus
371 1137 534 1222 expletum
558 1137 610 1201 slt.
642 1136 816 1204 Novitates
835 1144 943 1204 autem
964 1139 992 1203 si
1011 1157 1044 1210 ae

100 1225 263 1309 adferrmt,
288 1230 325 1290 ut
347 1229 516 1309 tamquam
538 1225 573 1289 in
594 1225 706 1290 herbis
728 1248 795 1293 non
819 1225 992 1293 fallacibus

81 1335 110 1378 rs
133 1316 303 1398 appareat,
325 1334 392 1380 non
415 1316 490 1378 suut
513 1313 590 1378 illae
613 1315 742 1398 quidem
765 1316 992 1399 repudiandae,

81 1405 131 1466 tas
162 1405 274 1466 tamen
306 1422 364 1467 suo
397 1401 469 1466 loco
500 1403 732 1485 conservanda3
769 1405 910 1468 maxima
942 1406 992 1467 est

96 1489 145 1554 vis
167 1490 343 1555 vetustatis
367 1492 400 1554 et
420 1489 670 1555 consuetudinis.
708 1489 792 1565 Quin
810 1491 881 1575 ipso
901 1512 992 1573 equo,

108 1577 204 1643 modo
230 1577 294 1642 feei
325 1577 536 1661 mentionem,
569 1577 598 1640 si
627 1579 720 1642 nulla
748 1599 798 1641 res
826 1577 992 1660 impediat,

108 1669 171 1749 est,
204 1665 283 1749 quin
309 1687 361 1749 eo,
394 1686 457 1749 quo
481 1663 661 1749 consuevit,
693 1663 848 1727 libentius
880 1667 993 1726 utatur

81 1781 86 1817 r
107 1753 283 1819 intractato
307 1757 340 1817 et
357 1775 452 1820 novo.
486 1752 555 1818 Nec
578 1773 654 1818 vero
682 1752 716 1815 in
743 1751 819 1835 hoc,
839 1751 924 1835 quod
943 1754 993 1815 est

81 1836 119 1924 al,
141 1840 198 1905 sed
218 1842 254 1904 in
274 1841 315 1906 iis
339 1841 447 1926 etiam,
471 1861 552 1925 quae
576 1845 652 1906 sunt
675 1839 834 1923 inanima,
864 1861 992 1905 consue-

93 1929 195 2012 ualet,
226 1951 322 2012 quom
354 1929 433 1994 locis
460 1928 541 2014 ipsis
570 1928 778 2011 delectemur,
811 1928 992 1992 montuosis

81 2037 92 2078 r
123 2017 156 2078 et
186 2016 400 2102 silvestribus,
432 2017 466 2080 in
499 2016 616 2099 quibus
649 2015 769 2080 diutius
802 2015 993 2080 commorati

81 2123 113 2165 rs.

81 2191 117 2254 ed
139 2190 313 2258 maximum
332 2197 383 2258 est
401 2194 434 2256 in
454 2192 597 2257 amicitia
617 2214 730 2277 parem
750 2213 820 2257 esse
838 2190 993 2258 inferiori.
1012 2211 1046 2261 aa

81 2300 91 2342 a
118 2279 203 2344 enim
230 2281 438 2346 excellentiae
472 2282 629 2364 quaedam
661 2285 750 2366 sunt,
784 2281 890 2365 qualis
923 2285 993 2346 erat

81 2367 145 2431 onis
167 2368 202 2432 in
223 2372 352 2452 nostro,
381 2372 419 2433 ut
440 2369 489 2433 ita
511 2369 629 2453 dicam,
652 2390 760 2455 grege.
805 2368 993 2452 Numquam

81 2476 100 2518 e
122 2454 231 2540 Philo,
253 2477 431 2540 numquam
458 2455 605 2539 Rupilio,
626 2477 808 2537 ‚numquam
835 2455 993 2519 Mummio

81 2543 180 2628 osuit,
198 2565 377 2627 numquam
395 2542 557 2608 inferioris
578 2542 699 2607 ordinis
719 2541 840 2619 eminio,
864 2540 900 2614 Q·
916 2561 993 2605 vero

81 2653 162 2696 mum
183 2630 335 2715 fratrem,
362 2631 530 2718 egregium
552 2630 657 2694 virum
681 2626 826 2712 omnino,
856 2626 919 2691 sibi
941 2648 994 2693 ne-

81 2741 148 2783 ram
170 2741 297 2804 parem,
330 2720 416 2803 quod
442 2721 471 2784 is
499 2717 646 2784 anteibat
676 2720 796 2802 aetate,
826 2721 993 2801 tamquam

82 2807 185 2872 iorem
209 2807 338 2872 colebat
361 2830 500 2892 suosque
524 2804 635 2873 omnes
658 2829 717 2892 per
739 2827 774 2871 se
797 2829 893 2894 posse
923 2827 993 2871 esse

81 2894 159 2960 iores
182 2895 325 2960 volebat.
359 2894 451 2971 Quod
468 2896 650 2961 faciendum
668 2896 924 2980 imitandumque
943 2899 994 2961 est
1013 2911 1047 2962 70

81 2985 147 3067 bus,
175 2986 225 3066 ut,
255 2983 283 3047 si
306 3005 404 3066 quam
426 2986 663 3069 praestantiam
690 2985 835 3070 virtutis,
863 2985 994 3068 ingenii,

81 3093 132 3136 iae
155 3071 321 3136 consecuti
345 3071 422 3156 sint,
454 3073 633 3158 inpertiant
660 3095 699 3137 ea
725 3074 791 3136 suis
820 3067 994 3136 commu'iri-

81 3181 118 3223 ue
142 3181 217 3224 oum
239 3159 405 3244 proximis,
428 3164 474 3245 ut,
498 3162 526 3226 si
548 3159 738 3246 parentibus
762 3158 832 3222 nati
853 3157 919 3220 sint
937 3158 994 3219 hu·

81 3268 125 3330 us,
150 3247 178 3311 si
201 3247 401 3332 propinquos
424 3244 791 3314 habeant.inbeeilliore
813 3242 866 3307 vel
886 3242 994 3304 animo

81 3339 205 3414 niune,
234 3356 346 3399 eorum
374 3340 516 3423 augeant
544 3355 622 3417 opes
650 3331 760 3411 eisque
782 3328 900 3393 honori
928 3328 995 3392 sint

81 3423 203 3506 gnitati.
248 3421 295 3487 Ut
322 3424 356 3487 in
378 3424 513 3504 fabulis,
551 3420 606 3504 qui
634 3416 833 3501 aliquamdiu
860 3418 995 3501 propter

81 3511 222 3577 ationem
247 3511 358 3595 stirpis
388 3516 421 3576 et
448 3508 576 3597 generis
603 3508 639 3572 in
664 3504 826 3569 famulatu
853 3502 995 3587 fuerunt,

81 3599 205 3685 cogniti
229 3602 361 3664 suntet
389 3603 446 3665 aut
473 3597 605 3662 deorum
634 3597 691 3661 aut
717 3613 832 3678 regum
859 3591 920 3656 filii
949 3592 995 3658 in·
