2408 4124
322 223 397 281 ῡΑΡ.
418 232 460 294 re,
479 232 521 281 ro.
558 231 705 292 §oo-ro.
954 226 1015 290 157
1145 308 1148 314 .

63 408 202 472 ponsum
234 389 298 465 est,
333 408 407 452 cum
437 386 489 452 illi
521 386 701 470 quaerenti,
733 408 797 470 qua
823 385 955 452 tandem
982 408 1017 452 re

63 496 112 540 ;us
137 475 200 538 sibi
223 477 291 539 tam
315 474 480 539 audaciter
502 475 689 556 obsisteret,
713 474 920 558 respondisse
942 473 1018 539 dici·

63 586 74 627 :
100 559 343 626 ‘Senectute'
375 560 438 626 Sed
459 562 589 627 vivendi
612 564 662 626 est
679 561 754 625 finis
774 561 926 647 optimus,
944 583 1018 628 oum

63 672 139 736 egra
153 654 260 714 mente
274 650 435 734 certisque
449 650 596 714 sensibus
611 670 691 733 opus
705 649 779 734 ipsa
792 671 886 715 suum
896 649 1017 733 eadem,

63 761 91 802 6
116 738 369 823 coagmentavit,
400 742 519 802 natura
546 737 704 802 dissolvit.
748 735 796 801 Ut
821 759 953 822 navem,
980 742 1018 801 nt

63 825 190 891 ificium
211 825 298 890 idem
321 825 459 895 destruit
480 824 648 908 facillime,
672 825 728 909 qni
750 825 945 909 construxit,
971 825 1018 890 sio

63 913 175 978 ninem
202 913 314 978 eadem
342 913 478 998 optime,
510 935 592 996 quae
620 913 870 998 conglutinavit,
898 917 1018 978 natura
1173 971 1185 983 ,

63 1001 169 1066 solvit.
212 1000 287 1103 lam
307 1001 412 1065 omnis
435 999 673 1086 conglutinatio
695 1021 807 1085 recens
831 1023 941 1088 aegre,
969 1002 1017 1065 in·
1090 996 1155 1062 u*

63 1093 157 1153 erata
173 1088 270 1154 facile
292 1088 466 1153 divellitur.
501 1089 555 1153 Ita
576 1089 628 1172 fit,
650 1091 688 1152 ut
708 1087 791 1153 illud
813 1088 911 1154 breve
928 1089 1016 1153 vitae

63 1199 169 1260 quum
191 1198 251 1241 nec
269 1176 362 1242 avide
380 1176 596 1260 adpetendum
615 1175 745 1240 senibus
763 1197 822 1241 nee
836 1176 904 1241 sine
919 1199 1017 1242 causa

63 1265 219 1328 erendum
251 1264 309 1348 sit3
343 1266 497 1348 vetatque
525 1263 731 1349 Pythagoras
761 1264 886 1328 iniussu
917 1264 1016 1350 impe·
1035 1274 1068 1322 73

63 1353 141 1436 oris,
170 1352 204 1415 id
227 1355 277 1416 est
300 1351 363 1437 dei,
387 1350 425 1416 de
447 1351 610 1437 praesidio
634 1356 667 1416 et
689 1351 831 1416 statione
853 1352 940 1417 vitae
966 1353 1017 1416 de·

63 1440 129 1504 lere.
166 1438 294 1504 Solonis
318 1439 626 1529 mmmmm&
650 1441 701 1503 est
722 1439 874 1526 elogium,
898 1462 962 1522 quo
982 1461 1016 1503 se
1122 1431 1142 1485 s-

63 1532 108 1611 gat
130 1528 215 1592 velle
238 1549 331 1605 suam
353 1530 493 1592 mortem
516 1527 628 1592 dolore
648 1527 826 1591 amicorum
844 1532 878 1591 et
896 1528 1017 1591 lamen·

70 1637 193 1680 vacare.
224 1613 314 1698 Volt,
336 1615 441 1699 oredo,
463 1636 498 1679 se
521 1634 591 1679 esse
615 1635 724 1680 carum
748 1615 829 1697 suis3
852 1614 908 1678 sed
930 1613 1017 1678 haud

63 1725 75 1767 r
100 1724 142 1766 an
164 1702 280 1767 melius
303 1701 442 1766 Ennius:

63 1789 173 1856 demo
206 1812 262 1854 me
293 1789 476 1855 lacrumis
509 1789 663 1854 decoret
694 1811 816 1871 neque
847 1788 985 1855 funera

755 1877 857 1941 fletu

142 1963 266 2028 Faxit.

63 2074 86 2116 n
109 2055 218 2115 censet
236 2052 409 2138 lugendam
423 2073 493 2118 esse
506 2056 655 2135 mortem,
679 2074 777 2136 quam
794 2052 1015 2118 inmortalitas

63 2143 234 2223 sequatur.
264 2139 334 2205 Iam
358 2162 470 2207 sensus
494 2140 652 2205 moriendi
675 2141 793 2225 aliquis
812 2162 883 2206 esse
896 2145 1015 2226 potest,
1035 2148 1068 2198 74
1136 2152 1143 2205 f

63 2249 99 2292 ne
122 2226 164 2291 ad
187 2228 338 2312 exiguum
360 2233 499 2313 tempus,
522 2229 715 2312 praesertim
737 2229 815 2311 seni,
837 2234 914 2314 post
932 2252 1015 2295 mor·
1136 2265 1139 2310 3

63 2339 74 2379 ι
97 2314 227 2398 quidem
250 2336 363 2379 sensus
387 2321 444 2380 aut
468 2317 629 2399 optandus
652 2320 710 2381 ant
733 2318 843 2381 nullus
863 2321 921 2381 est.
953 2317 1016 2382 Sed
1141 2358 1143 2371 ι

63 2403 285 2467 =meditatum
312 2402 355 2465 ab
387 2402 606 2467 adulescentia
633 2403 730 2467 debet
758 2425 844 2487 esse,
875 2409 1016 2469 mortem

63 2491 285 2576 neglegamus,
309 2489 378 2552 sine
397 2510 462 2572 qua
479 2486 688 2552 meditatione
705 2490 885 2572 tranquillo
907 2491 1016 2555 animo

63 2600 78 2642 6
99 2599 196 2642 nemo
214 2580 334 2662 potest.
377 2574 582 2640 Moriendum
605 2574 691 2638 enim
714 2579 801 2639 certe
824 2578 888 2660 est,
914 2580 947 2641 et
969 2576 1017 2641 in·

63 2670 132 2730 tum
155 2687 198 2730 an
216 2666 279 2730 hoc
296 2665 369 2749 ipso
389 2663 448 2727 die.
480 2661 620 2728 Mortem
637 2661 740 2748 igitur
758 2662 908 2728 omnibus
925 2665 1015 2729 horis

63 2753 235 2818 endentem
251 2753 368 2816 timens
388 2751 444 2836 qui
460 2749 584 2836 poterit
597 2750 706 2816 animo
724 2751 921 2818 consistere?
952 2753 1002 2818 De
1012 2751 1068 2821 (⁷⁶)

63 2867 71 2905 i
93 2862 160 2906 non
177 2841 227 2905 ita
244 2840 344 2925 longa
362 2839 581 2924 disputatione
599 2861 681 2925 opus
698 2860 768 2905 esse
786 2839 923 2926 videtur,
942 2864 1015 2907 oum

63 2928 158 2994 order
178 2949 244 2993 non
266 2928 303 2992 L.
324 2926 478 3012 Brutum,
507 2928 563 3012 qui
585 2927 619 2993 in
642 2927 811 2993 liberanda
831 2931 941 3014 patria
964 2935 1014 2994 est

63 3015 213 3099 erfectus,
235 3036 302 3080 non
324 3016 404 3082 duos
417 3015 545 3100 Decios,
567 3015 623 3100 qui
637 3016 678 3080 ad
695 3017 914 3082 voluntariam
931 3041 1015 3083 mor·
1034 3024 1067 3075 ⁷5

63 3128 74 3169 1
108 3124 237 3169 cursum
265 3125 420 3188 equorum
446 3103 677 3188 incitaverunt,
708 3124 775 3168 non
800 3103 844 3169 M.
866 3102 1015 3189 Atilium,

86 3190 129 3256 ad
151 3191 346 3277 supplicium
365 3196 415 3256 est
433 3191 606 3276 profectus,
623 3195 662 3255 ut
679 3190 776 3255 fidem
794 3192 883 3256 hosti
904 3193 1014 3257 datam

63 3284 227 3364 servaret,
253 3301 320 3345 non
343 3280 422 3345 duos
446 3277 626 3365 Scipiones,
654 3279 710 3363 qui
736 3280 800 3344 iter
821 3278 939 3345 Poenis
962 3281 1013 3343 vel

63 3366 197 3453 poribus
212 3367 279 3432 suis
294 3368 462 3433 obstruere
475 3369 657 3451 voluerunt,
679 3388 746 3431 non
761 3389 857 3432 avum
871 3371 965 3430 tuum
977 3365 1006 3431 L

63 3457 159 3539 ilum,
192 3455 247 3539 qui
278 3459 383 3520 morte
405 3455 473 3522 ,luit
500 3456 645 3541 collegae
671 3455 707 3520 in
733 3453 897 3522 Cannensi
923 3454 1015 3539 igno·

63 3544 108 3608 ria
126 3544 354 3618 temeritatem.
375 3565 442 3609 non
458 3542 502 3610 M.
519 3542 719 3628 Marcellum,
737 3543 827 3607 cuius
845 3541 1014 3608 interitum
