2394 4126
269 226 345 282 cAP.
365 233 408 295 ar,
427 233 469 281 aa
503 232 649 291 ssu-ss.
901 229 963 293 189

86 392 119 452 et
143 389 283 452 alterum
301 387 453 471 anquirit,
473 387 563 452 cuius
582 387 726 452 animum
744 388 793 452 ita
811 411 884 454 cum
904 412 962 455 suo

81 497 97 560 3,
119 479 158 540 ut
182 474 301 540 efficiat
323 497 425 560 paene
448 497 548 541 unum
572 496 611 539 ex
634 474 768 540 duobus.
973 528 1012 591 2,

81 619 84 628 ,
103 563 251 648 plerique
268 584 429 647 perverse,
446 585 488 626 ne
504 563 609 628 dicam
622 563 824 648 inpudenter,
842 563 961 629 habere
981 605 1012 655 82

81 652 218 716 amicum
240 651 369 734 volunt,
401 650 513 734 quales
539 651 604 735 ipsi
627 672 697 715 esse
722 673 789 717 non
815 656 961 737 possunt,

82 762 99 803 e
121 739 186 823 ipsi
207 759 274 805 non
295 739 446 804 tribuunt
469 738 590 821 amieis,
612 739 692 804 haec
716 740 759 804 ab
781 739 822 803 iis
841 740 962 805 deside-

81 827 132 892 ?ar
147 830 198 890 est
212 830 321 891 autem
334 826 477 911 primum
490 827 599 911 ipsum
619 848 689 891 esse
707 828 813 893 virum
831 828 962 913 bonum,

81 919 181 980 terum
196 914 335 979 similem
350 915 401 980 sui
416 936 577 998 quaerere.
609 914 649 978 In
662 915 784 981 talibus
798 937 845 1000 ea,
864 937 962 1000 quam

81 1004 162 1068 :dum
181 1007 374 1086 tractamus,
403 1002 567 1067 stabilitas
592 1002 753 1068 amicitiae
776 1005 962 1070 confirmari

109 1113 183 1156 cum
213 1091 361 1155 homines
390 1091 609 1156 benivolentia
631 1092 793 1158 coniuncti
820 1092 961 1177 primum

81 1179 186 1243 atibus
213 1179 268 1263 iis,
298 1179 416 1262 quibus
439 1179 538 1243 ceteri
560 1180 718 1264 serviunt,
744 1180 979 1266 imperabunt,

90 1266 254 1350 aequitate
267 1266 457 1349 iustitiaque
472 1266 668 1352 gaudebunt,
687 1269 858 1352 omniaque
878 1270 961 1334 alter

82 1377 137 1421 ero
157 1354 319 1440 suscipiet,
341 1375 444 1438 neque
464 1355 634 1438 quicquam
648 1378 803 1440 umquam
820 1357 885 1421 nisi
902 1358 961 1422 ho·

81 1498 84 1507 ,
111 1447 145 1508 et
171 1446 296 1509 rectum
326 1443 409 1507 alter
436 1443 476 1507 ab
505 1443 609 1508 altero
632 1444 826 1531 postulabit,
856 1466 961 1527 neque

81 1532 185 1597 colent
198 1530 283 1596 inter
302 1552 337 1594 se
356 1553 392 1595 ac
411 1531 557 1616 diligent,
576 1531 744 1595 sedetiam
756 1532 960 1595 verebuntur.

81 1641 250 1684 naxumum
273 1623 501 1684 ornamentum
525 1618 686 1683 amicitiae
709 1618 811 1700 tollit,
839 1618 895 1700 qui
922 1639 960 1681 ex

81 1708 109 1771 it
135 1706 368 1773 verecundiam.
412 1705 527 1789 ltaque
554 1706 589 1769 in
615 1704 655 1769 iis
683 1705 882 1790 perniciosus
910 1708 961 1770 est
978 1716 1011 1764 83

88 1795 143 1878 qui
169 1795 366 1859 existumant
388 1795 568 1859 lubidinum
595 1797 864 1878 peccatorumque
895 1816 960 1859 om·

81 1886 179 1966 tatere
200 1883 236 1946 in
257 1883 403 1947 amicitia
424 1883 603 1965 licentiam,
630 1881 790 1946 virtutum
818 1881 960 1946 amicitia

81 1990 101 2031 x
122 1991 142 2032 a
161 1974 277 2036 natura
300 1971 377 2035 data
400 1974 463 2054 est,
491 1991 558 2035 non
584 1969 739 2034 vitiorum
766 1991 887 2052 comes,
914 1972 960 2053 ut,

81 2078 116 2120 m
133 2057 275 2124 solitaria
286 2080 354 2123 non
367 2061 479 2143 posset
491 2057 596 2122 virtus
611 2058 653 2121 ad
667 2079 713 2140 ea,
733 2078 814 2141 quae
834 2078 960 2122 summa

81 2145 251 2230 pervenire,
282 2146 454 2213 coniuncta
481 2149 515 2210 et
542 2146 727 2212 consociata
753 2168 826 2210 cum
857 2146 960 2210 altera

81 2232 146 2296 iret.
191 2231 277 2307 Quae
301 2235 330 2299 si
353 2255 434 2318 quos
460 2234 547 2300 inter
576 2234 713 2301 societas
742 2238 799 2300 aut
826 2240 876 2300 est
904 2239 960 2300 aut

81 2324 98 2385 t
119 2319 230 2386 futura
253 2326 312 2406 est,
335 2344 446 2387 eorum
469 2327 520 2389 est
541 2322 709 2388 habendus
733 2325 774 2389 ad
799 2346 960 2388 summum

81 2431 89 2472 a
124 2409 245 2474 bonum
282 2413 434 2494 optumus
470 2410 741 2495 beatissimusque
777 2412 959 2474 comitatus.

81 2500 125 2581 st,
148 2497 291 2581 inquam,
309 2498 457 2581 societas,
475 2498 593 2582 inqua
612 2499 720 2563 omnia
738 2498 859 2579 insunt,
877 2517 960 2579 quae
979 2508 1011 2556 84

93 2585 241 2649 homines
265 2586 452 2670 expetenda,
473 2585 637 2668 honestas,
660 2583 780 2669 gloria,
803 2583 973 2667 tranquil-⁴

81 2672 155 2737 nimi
177 2677 275 2756 atque
297 2675 492 2758 iucunditas,
515 2677 553 2738 ut
575 2677 621 2758 et,
645 2695 717 2738 oum
739 2672 819 2738 haec
843 2671 960 2756 adsint,

81 2762 141 2826 rita
164 2761 208 2825 sit
231 2764 265 2825 et
287 2762 356 2826 sine
378 2763 430 2827 his
453 2784 523 2828 esse
545 2783 612 2829 non
630 2761 744 2847 possit.
777 2759 869 2836 Quod
887 2783 961 2827 eum

81 2872 123 2913 nn
155 2871 405 2934 maxumumque
437 2850 494 2935 sit,
524 2850 552 2915 si
578 2850 612 2916 id
638 2851 788 2917 volumus
816 2850 959 2936 adipisci,

89 2959 189 3021 opera
208 2937 313 3002 danda
331 2943 390 3021 est,
412 2939 481 3003 sine
504 2961 568 3023 qua
585 2962 644 3006 nec
663 2939 839 3006 amicitiam
856 2961 960 3022 neque

81 3047 151 3090 rem
179 3025 389 3108 expetendam
418 3029 570 3111 consequi
597 3049 783 3114 possumus3
815 3050 854 3093 ea
882 3048 959 3091 vero

81 3137 101 3178 a
134 3113 190 3197 qui
218 3135 252 3178 se
280 3115 401 3180 amicos
432 3115 552 3181 habere
580 3115 795 3195 arbitrantur,
826 3117 897 3176 tum
924 3133 959 3175 se

81 3224 88 3266 a
112 3222 237 3265 errasse
257 3202 410 3286 sentiunt,
433 3225 506 3268 eum
525 3224 580 3267 eos
599 3201 709 3286 gravis
729 3198 846 3281 aliquis
866 3217 958 3261 casus

81 3289 91 3353 i
113 3290 211 3374 cogit.
244 3288 399 3363 Quocirca
422 3289 605 3376 (dicendum
629 3289 679 3350 est
702 3285 787 3350 enim
808 3282 958 3368 saepius),
978 3295 1009 3343 85

81 3378 219 3460 dicaris,
252 3377 386 3464 diligere
414 3379 557 3463 oportet,
584 3395 663 3452 non,
695 3395 768 3439 curn
801 3369 959 3455 dilexeris,

81 3488 101 3529 e.
134 3463 197 3529 Sed
220 3488 293 3530 cum
312 3467 423 3532 multis
446 3466 480 3528 in
498 3463 594 3528 rebus
617 3461 825 3548 neglegentia
848 3458 959 3545 plecti·

81 3576 127 3618 nn
150 3553 289 3619 maxime
311 3555 347 3619 in
370 3553 481 3619 amicis
506 3556 538 3616 et
562 3551 732 3636 diligendis
753 3554 785 3614 et
805 3547 959 3634 colendis3
