2394 4126
138 120 204 184 200
547 115 746 173 rennuens

98 259 255 365 2ορίιιοι
286 280 416 346 bonum.
469 277 531 344 Sed
562 279 642 344 haec
673 278 776 343 videri
807 284 945 364 possunt
975 278 1071 345 odio·
1104 333 1106 346 ι

86 336 121 386 ¹⁰
138 391 212 434 cum
235 368 355 434 lentius
379 368 599 452 disputantur3
625 367 695 432 vita
722 370 820 450 atque
847 367 944 441 factis
970 366 1112 432 inlustrate

140 460 217 522 sunt
239 479 439 522 summorum
462 456 606 520 virorum
627 455 728 537 baec,⁵
749 476 831 539 quae
854 455 960 521 verbis
984 453 1107 537 subtilius

140 568 238 629 quarn
266 544 347 610 satis
375 548 437 627 est,
471 542 630 627 disputari
656 541 814 608 videntur.
860 542 986 619 Quaero
1010 543 1108 609 eune

139 634 242 716 vobis,
266 655 344 698 num
367 632 469 696 ullam
493 630 725 717 cogitationem
746 630 900 696 habuisse
923 626 1110 713 videanturi,

140 722 196 805 qui
218 721 302 785 hanc
324 741 393 782 rem
411 719 576 802 publicam
595 723 664 785 tam
682 719 847 804 praeclare
865 719 1032 786 fundatam
1045 739 1116 785 no¹¹

139 810 348 891 reliquerunt,
367 811 424 870 aut
442 808 571 892 argenti
589 808 630 873 ad
649 807 820 873 avaritiam
840 812 897 872 aut
915 809 1113 875 amoenitate!

140 897 181 960 ad
204 894 452 959 delectationem
476 900 532 960 aut
555 894 767 980 supellectilis
787 895 828 961 ad
847 896 978 963 delicias
997 900 1113 981 antepe-

88 1001 119 1049 11
139 984 246 1048 larum
269 982 310 1046 ad
332 984 527 1068 voluptates
562 983 679 1049 Ponite
700 986 775 1049 ante
794 985 903 1050 oculos
921 1007 1021 1051 unum
1036 1006 1094 1070 quu
1118 1015 1119 1020 ¹

139 1092 200 1154 que
223 1073 379 1136 veterum.
425 1072 534 1137 Voltis
557 1095 577 1136 a
599 1071 764 1137 Romulo?
787 1072 887 1138 voltis
909 1077 987 1158 post
1007 1073 1064 1139 lib
1119 1143 1124 1156 „
1168 1121 1197 1144 „a

139 1157 304 1223 civitatem
328 1160 370 1223 ab
393 1160 433 1225 iis
456 1161 545 1245 ipsis„
569 1160 624 1244 qui
647 1160 890 1226 liberaverunt?
930 1160 1052 1238 Quibus
1075 1189 1095 1209 ι’
1156 1201 1197 1222 ω-

75 1292 78 1297 -
138 1246 211 1311 dem
243 1247 399 1332 gradibus
430 1248 590 1314 Romulus
623 1249 765 1314 escendit
799 1249 835 1312 in
870 1250 1019 1316 caelum?
1060 1277 1122 1305 ·

139 1357 221 1420 quae
242 1335 300 1400 isti
322 1336 408 1400 bona
432 1337 612 1422 appellant,
640 1359 682 1401 an
708 1337 804 1402 rebus
833 1338 936 1423 gestis
963 1342 1058 1425 atquc
1092 1332 1102 1389 ἰ

138 1424 286 1490 tutibus?
333 1423 438 1499 Quid?
471 1448 491 1490 a
520 1424 630 1490 Numa
659 1424 820 1508 Pompilio
853 1426 1001 1492 minusne
1160 1480 1162 1490 s
1196 1507 1197 1511 Ἰ

138 1513 187 1577 dis
214 1513 444 1578 inmortalibus
472 1514 645 1598 capudines
673 1536 710 1578 ac
736 1513 853 1578 fictiles
880 1515 1015 1581 urnulas
1044 1512 1122 1579 inin
1161 1511 1197 1574 ..l

138 1623 237 1685 qnam
258 1602 407 1667 felicatas
431 1600 593 1667 Saliorum
616 1605 747 1686 pateras
766 1602 989 1669 arbitramur?
1020 1600 1128 1669 Onitu'
1184 1625 1197 1638 “

137 1690 294 1772 reliquos3
331 1693 408 1753 sunt
444 1691 529 1754 enim
562 1712 673 1755 omnes
704 1711 800 1774 pares
832 1690 918 1755 inter
950 1712 986 1757 se
1015 1691 1123 1777 pratu
1172 1697 1197 1781 'J

84 1791 119 1842 12
138 1773 328 1861 Superbum.
365 1776 504 1842 Brutum
523 1777 552 1842 si
569 1778 624 1861 qui
642 1782 745 1864 roget,
769 1777 846 1861 quid
864 1778 969 1864 egerit
986 1778 1022 1845 in
1037 1774 1125 1867 palti!
1188 1777 1197 1789 “

136 1864 313 1949 liberanda,
333 1865 361 1929 si
380 1866 452 1949 quis
471 1866 550 1931 item
568 1864 710 1949 reliquos
731 1866 873 1930 eiusdem
888 1866 1018 1933 consilii
1031 1864 1125 1947 sudu
1185 1917 1189 1928 .

137 1953 214 2036 quid
237 1954 468 2038 spectaverint,
492 1953 570 2037 quid
592 1954 695 2019 secuti
718 1953 796 2038 sint,
818 1976 897 2020 num
921 1955 994 2039 quis
1017 1954 1126 2037 ensal,
1193 1977 1197 1983 ⁴

134 2041 371 2191 luitilOIiptas'
395 2042 446 2142 cui
465 2041 606 2190 {licitiae
621 2063 698 2192 1ξειιιιιῃ
700 2042 836 2192 dglgilgiue
854 2042 1128 2199 pmi'lrugffiffi
1194 2123 1197 2141 ζ

135 2148 715 2289 videatdrlmllgriievrblsqaudoiecem
737 2151 979 2288 Porsiiiiiiisb.
1001 2218 1128 2287 Modum

134 2303 254 2388 inpulit
278 2304 346 2369 sine
369 2302 439 2368 ulls
462 2325 519 2389 spe
542 2305 658 2370 salutis
683 2306 783 2371 suae?
807 2328 889 2390 quse
912 2308 963 2373 vis
986 2306 1129 2377 Coclitem

135 2397 248 2460 contra
272 2414 383 2460 omnes
406 2393 552 2460 hostium
575 2394 684 2481 copias
707 2393 813 2459 tenuit
835 2395 870 2459 in
891 2400 993 2480 ponte
1015 2390 1128 2464 solunl

72 2532 75 2538 .
135 2504 217 2566 quae
241 2488 368 2568 patrem
386 2482 531 2569 Decium,
555 2505 637 2568 qnae
659 2484 764 2549 filium
787 2483 905 2549 devota
927 2485 998 2551 vita
1018 2480 1131 2553 innid

133 2570 169 2634 in
196 2577 340 2636 armatas
367 2572 513 2636 hostium
541 2572 673 2655 copias?
701 2571 778 2654 quid
804 2572 1005 2640 continentia
1027 2572 1062 2641 Ο.
1081 2570 1132 2639 Fe

133 2656 229 2739 brici,
253 2659 330 2740 quid
348 2659 491 2722 tennitas
510 2657 614 2722 victus
633 2657 684 2722 Μ’.
705 2658 783 2723 Ouri
806 2661 1025 2745 sequebatur?
1045 2656 1132 2749 quidl

134 2743 197 2807 duo
225 2745 470 2829 propugnacula
496 2743 577 2807 belli
603 2742 730 2829 Punici,
761 2744 817 2811 On.
846 2752 879 2814 et
903 2748 940 2814 P.
968 2748 1134 2838 Scipiones

134 2830 189 2915 qui
208 2827 527 2914 Carthaginiensium
550 2830 725 2898 adventum
748 2836 937 2920 corporibus
961 2839 1030 2905 suis
1046 2839 1162 2905 nto·
1196 2873 1197 2890 ι

133 2916 326 2984 cludendum
349 2921 555 3002 putaverunt,
578 2920 676 3003 quid?
714 2920 887 2989 Africanus
910 2927 1025 3012 maior,
1046 2922 1136 3011 petili

132 3009 248 3093 minor,
281 3005 378 3092 quid?
410 3006 496 3070 inter
526 3008 643 3073 horum
676 3014 799 3076 aetates
831 3012 1021 3082 interiectus
1051 3014 1138 3095 Caio.

134 3096 233 3181 quid?
269 3094 521 3161 innumerabiles
557 3096 614 3161 alii
645 3094 735 3181 (nam
768 3099 953 3167 domesticis
986 3100 1138 3191 exemplis

134 3184 351 3272 abundamus)
385 3184 589 3285 cogitassene
622 3185 794 3287 quicquam
825 3188 860 3252 in
888 3189 958 3256 vita
985 3192 1050 3258 sibi
1071 3210 1140 3259 esec

94 3273 852 3446 ³llllltlllbltlllgldllldl5555}
867 3281 1173 3435 iiiiii-'iil'

81 3416 113 3466 ¹³
130 3471 170 3517 ec
194 3448 374 3516 sententiae
397 3453 430 3514 et
453 3449 519 3514 iam
541 3449 594 3515 vel
616 3449 682 3535 ipsi
704 3450 859 3535 iudicent,
886 3457 997 3521 utrum
1024 3476 1059 3522 se
1085 3456 1143 3524 ho·

1175 1336 1197 1356 ιῙῚ

1159 1418 1169 1431 ,,
1195 1410 1197 1426 ι
