2394 4126
357 245 432 303 cAP.
452 251 566 302 as-ae.
598 251 746 312 eoo-aa.
991 247 1053 314 193

79 422 195 475 trorum
218 411 253 473 et
275 428 414 494 gravem.
447 407 571 485 Quibus
589 407 758 474 blanditiis
778 407 812 473 O.
828 407 978 493 Papirius
996 432 1052 475 nu·
1072 425 1106 476 96

79 516 110 562 er
127 496 285 562 influebat
305 495 341 559 in
362 496 449 562 auris
473 497 643 580 contionis,
666 518 739 562 cum
761 495 862 561 ferret
885 498 991 582 legem
1015 497 1054 563 de

79 582 187 651 thuna
209 583 316 671 plebis
338 584 530 651 reficiendis!
553 583 776 650 Dissuasimus
798 606 873 668 nos,
896 586 953 649 sed
970 585 1053 650 nihil

79 692 171 758 eme,
193 672 233 739 de
255 669 403 757 Scipione
427 673 533 740 dicam
554 672 728 738 lubentius.
774 671 903 749 Quanta
926 672 997 757 illa,
1021 673 1054 739 di

79 761 252 845 monela,
272 760 337 826 fuit
349 761 509 846 gravitas,
523 765 646 847 quanta
662 761 698 825 in
716 762 862 828 oratione
882 761 1052 827 maiestas!

79 846 201 916 itfacile
224 849 337 915 ducem
358 849 472 936 populi
493 848 644 934 Romani,
665 871 731 914 non
752 851 903 916 comitem
922 850 1052 916 diceres.

79 926 118 1001 tl
140 936 303 1020 adfuistis,
335 940 368 1002 et
394 942 445 1003 est
473 937 509 1003 in
535 938 685 1010 manibus
704 939 818 1004 oratio.
863 938 978 1023 Itaque
1001 940 1053 1005 lex

79 1025 215 1111 popularis
238 1024 402 1112 suffragiis
431 1025 547 1112 populi
570 1026 739 1111 repudiata
762 1032 821 1092 est.
866 1029 989 1112 Atque,
1015 1034 1053 1093 ut

79 1106 164 1179 lime
185 1114 323 1198 redeam,
345 1114 550 1197 meministis,
573 1113 609 1189 Q.
623 1113 784 1199 Maxumo,
806 1115 908 1181 fratre
932 1114 1052 1203 Scipio-

79 1195 115 1284 lis,
133 1205 164 1266 et
184 1202 219 1267 L.
241 1201 392 1269 Mancino
414 1202 602 1269 consulibus
625 1225 723 1287 quam
745 1203 912 1290 popularis
937 1205 989 1270 lex
1013 1206 1052 1272 de

79 1289 236 1355 tcerdotiis
259 1288 295 1358 O.
318 1289 424 1357 Licini
441 1289 553 1357 Crassi
570 1290 754 1357 videbatur!
781 1293 946 1378 cooptatio
966 1294 1051 1359 enim

79 1376 257 1464 ollegiorum
271 1378 313 1445 ad
327 1379 439 1464 populi
457 1378 647 1445 beneficium
664 1379 936 1467 transferebatur3
954 1386 1051 1465 atque

79 1479 87 1523 l
105 1466 221 1550 primus
244 1466 388 1532 instituit
405 1467 440 1533 in
458 1466 565 1533 forum
582 1490 694 1533 versus
714 1489 810 1554 agere
828 1491 902 1534 cum
919 1471 1051 1554 populo.

79 1544 170 1619 'amen
191 1554 279 1620 illius
301 1555 497 1621 vendibilem
521 1556 701 1621 orationem
719 1556 835 1641 religio
854 1557 987 1621 deorum
1005 1557 1052 1620 in·

79 1641 234 1708 [ortelium
256 1643 350 1709 nobis
374 1642 619 1709 defendentibus
636 1642 732 1708 facile
749 1643 909 1709 vincebat.
943 1643 1051 1728 Atque

79 1723 211 1796 laetum
238 1734 288 1797 est
318 1735 469 1816 praetore
496 1754 548 1797 me
581 1730 799 1817 quinquennio
832 1736 920 1816 ante,
953 1755 1051 1817 quam

79 1820 161 1910 insul
183 1840 254 1884 sum
274 1818 394 1902 faetus,
415 1820 464 1884 ita
486 1841 521 1885 re
544 1821 650 1906 magis
673 1842 770 1905 quam
795 1843 921 1886 summa
944 1826 1051 1887 aucto·

79 1907 153 1971 itate
170 1928 266 1972 causa
286 1907 344 1972 illa
366 1909 498 1974 defensa
522 1911 580 1973 est.

115 1991 240 2091 'Quodsi
259 1995 292 2060 in
313 2019 436 2080 scaena,
458 1996 561 2061 idest
583 1996 618 2059 in
639 1997 796 2082 contione,
819 1997 854 2061 in
873 2018 936 2080 qua
954 1998 1050 2063 rebus
1060 1957 1102 2084 ἒξ

79 2082 140 2145 ctis
162 2085 195 2146 et
217 2080 409 2151 adumbratis
432 2084 497 2150 loci
519 2083 694 2170 plurimum
717 2089 782 2168 est,
805 2088 916 2149 tamen
938 2107 1049 2150 rerum

80 2167 148 2253 alet,
170 2169 198 2234 si
220 2171 313 2238 modo
335 2173 368 2238 id
385 2173 586 2258 patefactum
610 2176 643 2237 et
665 2172 876 2240 inlustratum
895 2178 954 2261 est,
974 2175 1050 2260 quid
1089 2200 1091 2203 ¹

79 2257 246 2324 semicitia
269 2260 338 2324 lieri
361 2265 500 2346 oportet,
523 2283 605 2344 quae
628 2266 700 2327 tota
721 2264 859 2328 veritate
884 2265 1050 2349 perpendi·
1087 2260 1090 2265 ’

79 2345 127 2410 ur?
155 2347 189 2412 in
211 2370 275 2432 qua
296 2348 373 2433 nisi,
399 2354 437 2414 ut
464 2349 594 2428 dicitur,
627 2356 774 2435 apertum
802 2356 913 2435 pectus
940 2353 1050 2416 videas

79 2450 201 2520 uumque
224 2437 389 2520 ostendas,
415 2437 498 2502 nihil
520 2437 634 2516 fidum,
662 2438 745 2501 nihil
769 2439 972 2520 exploratum
996 2437 1051 2500 ha·

79 2539 136 2608 aas,
155 2545 195 2589 ne
218 2546 327 2591 amare
350 2524 478 2608 quidem
503 2523 690 2606 autumari,
709 2546 790 2607 cum,
808 2523 842 2586 id
861 2544 957 2605 quam
976 2544 1051 2599 vere

79 2603 117 2705 lat,
136 2610 273 2698 ignores.
303 2611 505 2697 Quamquam
524 2612 590 2677 ista
604 2611 796 2695 adsentatio,
820 2609 967 2695 quamvis
981 2631 1051 2695 per·

79 2697 167 2764 ociosa
193 2701 253 2779 sit,
284 2722 399 2766 nocere
427 2705 536 2766 tamen
562 2699 684 2765 nemini
706 2702 816 2786 potest
842 2697 906 2764 nisi
929 2699 972 2783 ei,
996 2698 1051 2784 qui

79 2801 121 2850 tn
139 2788 254 2875 recipit
277 2793 374 2872 atque
398 2810 436 2854 ea
459 2789 645 2855 delectatur.
681 2789 734 2857 Ita
755 2790 807 2874 fit,
829 2791 867 2854 ut
888 2789 917 2853 is
941 2788 1052 2854 adsen-

79 2873 207 2942 utribus
229 2876 407 2962 patefaciat
430 2899 524 2942 aures
547 2900 622 2944 suas
645 2879 793 2958 maxime,
817 2877 871 2964 qui
894 2877 964 2963 ipse
988 2878 1051 2943 sibi

79 2955 232 3030 drentetur
260 2969 293 3031 et
320 2986 354 3030 se
383 2966 521 3030 maxime
543 2967 614 3052 ipse
642 2967 787 3035 delectet.
833 2966 972 3032 Omnino
1001 2970 1051 3031 est
1070 2979 1105 3029 aa

80 3056 158 3118 mans
181 3053 232 3118 sui
254 3053 373 3137 virtus,
396 3057 528 3136 optume
552 3055 637 3120 enim
661 3078 695 3120 se
717 3059 790 3140 ipsa
811 3055 917 3136 novit,
941 3075 1051 3135 quam·

79 3157 111 3202 ue
131 3140 282 3207 amabilis
306 3141 363 3225 sit,
388 3141 560 3228 intellegit.
604 3142 678 3226 Ego
706 3147 816 3206 autem
838 3159 904 3202 non
928 3139 966 3201 de
989 3137 1052 3200 vir-

79 3229 117 3292 1te
136 3251 221 3296 nuno
249 3231 381 3315 loquor,
409 3230 464 3294 sed
491 3231 530 3294 de
557 3229 689 3295 virtutis
717 3226 876 3311 opinione.
920 3222 1052 3288 Virtute

79 3314 130 3382 lim
152 3318 226 3403 ipsa
248 3340 315 3383 non
336 3322 406 3382 tam
433 3318 529 3383 multi
556 3315 696 3401 praediti
726 3334 796 3378 esse
825 3333 922 3396 quam
950 3310 1052 3377 uideri

79 3403 168 3470 olunt.
199 3405 271 3471 Hos
295 3406 434 3471 delectat
457 3402 649 3487 adsentatio,
671 3402 724 3467 his
742 3401 837 3466 fietus
852 3399 892 3465 ad
907 3400 1051 3484 ipsorum

79 3493 248 3559 ›luntatem
272 3516 377 3559 sermo
396 3516 468 3560 cum
487 3492 667 3576 adhibetur,
691 3489 871 3557 orationem
888 3488 980 3552 illam
998 3509 1052 3552 ra·

79 3604 121 3647 im
143 3582 367 3648 testimonium
391 3604 461 3647 esse
484 3580 616 3646 laudum
640 3601 771 3644 suarum
788 3580 916 3663 putant.
952 3574 1053 3641 Nulla

96 3693 153 3736 010.
167 3695 207 3736 lv.
223 3695 243 3735 ³.
808 3688 840 3734 13
